[
	{
		"model": "movies.movie",
		"pk": 287947,
		"fields": {
			"adult": false,
			"original_language": "en",
			"original_title": "Shazam!",
			"overview": "솔로몬의 지혜, 헤라클레스의 힘, 아틀라스의 체력, 제우스의 권능, 아킬레스의 용기, 머큐리의 스피드까지 우연히 슈퍼 파워를 얻게 된 소년. 자신의 능력을 깨닫고 악당을 물리치는 슈퍼히어로로 다시 태어난다! 주문을 외쳐라, ‘샤잠’!",
			"release_date": "2019-03-23",
			"revenue": 321937864,
			"runtime": 132,
			"tagline": "모든 히어로의 능력이 하나로 모였다!",
			"title": "샤잠!",
			"genres": [
				35,
				12,
				14,
				28
			],
			"casts": [
				69899,
				2983,
				1768966,
				1774679,
				11702
			],
			"role_data": [
				{
					"cast_id": 14,
					"character": "Shazam",
					"credit_id": "59f3d72b9251414d570035e4",
					"gender": 2,
					"id": 69899,
					"name": "Zachary Levi",
					"order": 0,
					"profile_path": "/gAXGlrS9RlNA1sxJqi9C8gVsnUB.jpg"
				},
				{
					"cast_id": 18,
					"character": "Doctor Thaddeus  Sivana",
					"credit_id": "59fb6f9592514113a6015e1d",
					"gender": 2,
					"id": 2983,
					"name": "Mark Strong",
					"order": 1,
					"profile_path": "/63AwQg1hz4KQlStZDufhwJdLmT5.jpg"
				},
				{
					"cast_id": 19,
					"character": "Billy Batson",
					"credit_id": "5a029107c3a368637f00b104",
					"gender": 2,
					"id": 1768966,
					"name": "Asher Angel",
					"order": 2,
					"profile_path": "/l35dA6bF2JmpDsiii8GTW8eUDLP.jpg"
				},
				{
					"cast_id": 20,
					"character": "Freddy Freeman",
					"credit_id": "5a28a3740e0a264cc81154db",
					"gender": 2,
					"id": 1774679,
					"name": "Jack Dylan Grazer",
					"order": 3,
					"profile_path": "/q3eF91Q7A3t5GFB5N0S7A1OSvV0.jpg"
				},
				{
					"cast_id": 63,
					"character": "Super Hero Freddy",
					"credit_id": "5adbc4d20e0a2614320157e6",
					"gender": 2,
					"id": 11702,
					"name": "Adam Brody",
					"order": 4,
					"profile_path": "/jeMhuu9Q81XJLIef1OU7NlcxRW0.jpg"
				}
			],
			"director": 1302082,
			"like_users": [],
			"poster_path": "https://image.tmdb.org/t/p/w600_and_h900_bestv2//sPZxApU8d90Czd11S60UqOhuP9R.jpg"
		}
	},
	{
		"model": "movies.movie",
		"pk": 299534,
		"fields": {
			"adult": false,
			"original_language": "en",
			"original_title": "Avengers: Endgame",
			"overview": "인피니티 워 이후 절반만 살아남은 지구, 마지막 희망이 된 어벤져스! 먼저 떠난 그들을 위해 모든 것을 걸었다!",
			"release_date": "2019-04-24",
			"revenue": 2485499739,
			"runtime": 181,
			"tagline": "위대한 어벤져스 운명을 바꿀 최후의 전쟁이 펼쳐진다!",
			"title": "어벤져스: 엔드게임",
			"genres": [
				12,
				878,
				28
			],
			"casts": [
				3223,
				16828,
				74568,
				103,
				1245
			],
			"role_data": [
				{
					"cast_id": 55,
					"character": "Tony Stark / Iron Man",
					"credit_id": "58700eee9251412ae400238b",
					"gender": 2,
					"id": 3223,
					"name": "Robert Downey Jr.",
					"order": 0,
					"profile_path": "/1YjdSym1jTG7xjHSI0yGGWEsw5i.jpg"
				},
				{
					"cast_id": 22,
					"character": "Steve Rogers / Captain America",
					"credit_id": "585d55afc3a368408600c438",
					"gender": 2,
					"id": 16828,
					"name": "Chris Evans",
					"order": 1,
					"profile_path": "/7dUkkq1lK593XvOjunlUB11lKm1.jpg"
				},
				{
					"cast_id": 23,
					"character": "Thor Odinson",
					"credit_id": "585d55c1c3a368409300cdfd",
					"gender": 2,
					"id": 74568,
					"name": "Chris Hemsworth",
					"order": 2,
					"profile_path": "/lrhth7yK9p3vy6p7AabDUM1THKl.jpg"
				},
				{
					"cast_id": 24,
					"character": "Bruce Banner / The Hulk",
					"credit_id": "585d55ce92514123b300c1f9",
					"gender": 2,
					"id": 103,
					"name": "Mark Ruffalo",
					"order": 3,
					"profile_path": "/z3dvKqMNDQWk3QLxzumloQVR0pv.jpg"
				},
				{
					"cast_id": 50,
					"character": "Natasha Romanoff / Black Widow",
					"credit_id": "58700e6b9251412aef0023df",
					"gender": 1,
					"id": 1245,
					"name": "Scarlett Johansson",
					"order": 4,
					"profile_path": "/tHMgW7Pg0Fg6HmB8Kh8Ixk6yxZw.jpg"
				}
			],
			"director": 19272,
			"like_users": [],
			"poster_path": "https://image.tmdb.org/t/p/w600_and_h900_bestv2//n78LK2t1uQP68Ud0VXHRe0HmKOp.jpg"
		}
	},
	{
		"model": "movies.movie",
		"pk": 299537,
		"fields": {
			"adult": false,
			"original_language": "en",
			"original_title": "Captain Marvel",
			"overview": "1995년, 공군 파일럿 시절의 기억을 잃고 크리족 전사로 살아가던 캐럴 댄버스(브리 라슨)가 지구에 불시착한다. 쉴드 신참 요원 닉 퓨리(사무엘 L. 잭슨)에게 발견되어 팀을 이룬 그들은 지구로 향하는 더 큰 위협을 감지하고 힘을 합쳐 전쟁을 끝내야 하는데…",
			"release_date": "2019-03-06",
			"revenue": 1037980262,
			"runtime": 124,
			"tagline": "새로운 히어로, 어벤져스의 희망",
			"title": "캡틴 마블",
			"genres": [
				28,
				12,
				878
			],
			"casts": [
				60073,
				2231,
				77335,
				9642,
				516
			],
			"role_data": [
				{
					"cast_id": 140,
					"character": "Carol Danvers / Vers / Captain Marvel",
					"credit_id": "5c86e37f0e0a264310683e5a",
					"gender": 1,
					"id": 60073,
					"name": "Brie Larson",
					"order": 0,
					"profile_path": "/4ZgxRd2ADYVm2gd5yQJa1emtMl5.jpg"
				},
				{
					"cast_id": 74,
					"character": "Nick Fury",
					"credit_id": "5c408274c3a368216241b744",
					"gender": 2,
					"id": 2231,
					"name": "Samuel L. Jackson",
					"order": 1,
					"profile_path": "/mXN4Gw9tZJVKrLJHde2IcUHmV3P.jpg"
				},
				{
					"cast_id": 78,
					"character": "Talos / Keller",
					"credit_id": "5c4082b8c3a368216241b76e",
					"gender": 2,
					"id": 77335,
					"name": "Ben Mendelsohn",
					"order": 2,
					"profile_path": "/6Uj2UDgZ0WDViCXN8wzOSz77vgH.jpg"
				},
				{
					"cast_id": 77,
					"character": "Yon-Rogg",
					"credit_id": "5c4082a30e0a2615549077ba",
					"gender": 2,
					"id": 9642,
					"name": "Jude Law",
					"order": 3,
					"profile_path": "/4077Cyuo1mw53u1gNjLyQkqeZN0.jpg"
				},
				{
					"cast_id": 106,
					"character": "Supreme Intelligence / Dr. Wendy Lawson / Mar-Vell",
					"credit_id": "5c6da2970e0a262c99a10e7e",
					"gender": 1,
					"id": 516,
					"name": "Annette Bening",
					"order": 4,
					"profile_path": "/vVAvoiE6FQ4couqaB0ogaHR6Ef7.jpg"
				}
			],
			"director": 53068,
			"like_users": [],
			"poster_path": "https://image.tmdb.org/t/p/w600_and_h900_bestv2//jWd9tWuoDPN561r7vp4ekngEe7f.jpg"
		}
	},
	{
		"model": "movies.movie",
		"pk": 447404,
		"fields": {
			"adult": false,
			"original_language": "en",
			"original_title": "Pokémon Detective Pikachu",
			"overview": "기억을 잃은 채 깨어난 피카츄, 난 누구? 여긴 어디? 유일한 단서는 탐정모자에 적힌 해리란 이름과 주소. 주소 속 아파트에서 자신의 말을 유일하게 알아 듣는, 실종된 해리의 아들 팀 굿맨을 만나게 된다. 명탐정의 촉으로 이건 그야말로 대.박.사.건! 사라진 아빠를 찾기 위해 피카츄와 떠나는 기상천외한 모험이 시작된다. 피카피카!",
			"release_date": "2019-05-03",
			"revenue": 0,
			"runtime": 105,
			"tagline": "“탐정이 아냐, 명탐정이지!” 세상을 구할 번쩍이는 추리가 시작된다!",
			"title": "명탐정 피카츄",
			"genres": [
				9648,
				10751,
				80,
				14,
				35,
				878
			],
			"casts": [
				10859,
				1029934,
				221192,
				2440,
				3899
			],
			"role_data": [
				{
					"cast_id": 18,
					"character": "Detective Pikachu (voice)",
					"credit_id": "5a28975e0e0a264cbe107d7f",
					"gender": 2,
					"id": 10859,
					"name": "Ryan Reynolds",
					"order": 0,
					"profile_path": "/vYxl6lGbVPr7f8QlaSdeRLUs5PB.jpg"
				},
				{
					"cast_id": 17,
					"character": "Tim Goodman",
					"credit_id": "5a1fafb1c3a3680b8d088f16",
					"gender": 2,
					"id": 1029934,
					"name": "Justice Smith",
					"order": 1,
					"profile_path": "/9G8pKfvfbqs5fmRo0VtlHqxdVBQ.jpg"
				},
				{
					"cast_id": 16,
					"character": "Lucy Stevens",
					"credit_id": "5a1faf95925141033608a00b",
					"gender": 1,
					"id": 221192,
					"name": "Kathryn Newton",
					"order": 2,
					"profile_path": "/13g3TexhRsHNzZ83vcMFpMUWYgR.jpg"
				},
				{
					"cast_id": 19,
					"character": "Howard Clifford",
					"credit_id": "5a7aaa770e0a26021f003fcb",
					"gender": 2,
					"id": 2440,
					"name": "Bill Nighy",
					"order": 3,
					"profile_path": "/x3R0shSJbrssotuWIwWSxfJRQls.jpg"
				},
				{
					"cast_id": 21,
					"character": "Lieutenant Hide Yoshida",
					"credit_id": "5a7aaa8b9251411c5200379f",
					"gender": 2,
					"id": 3899,
					"name": "Ken Watanabe",
					"order": 4,
					"profile_path": "/lGh8rIi9g5ukXcYIT1BNF11Ix6b.jpg"
				}
			],
			"director": 65630,
			"like_users": [],
			"poster_path": "https://image.tmdb.org/t/p/w600_and_h900_bestv2//8Vb7PJ2aUzel5iQ6R2Jxe4MTWac.jpg"
		}
	},
	{
		"model": "movies.movie",
		"pk": 543103,
		"fields": {
			"adult": false,
			"original_language": "ja",
			"original_title": "仮面ライダー平成ジェネレーションズFOREVER",
			"overview": "",
			"release_date": "2018-12-22",
			"revenue": 0,
			"runtime": 0,
			"tagline": "",
			"title": "가면라이더 헤이세이 제네레이션즈 FOREVER",
			"genres": [
				28,
				12,
				878
			],
			"casts": [
				2101716,
				1864577,
				2065347,
				1509675,
				2115306
			],
			"role_data": [
				{
					"cast_id": 0,
					"character": "Sougo Tokiwa / Kamen Rider Zi-O",
					"credit_id": "5b787857925141294c016283",
					"gender": 0,
					"id": 2101716,
					"name": "So Okuno",
					"order": 1,
					"profile_path": "/zUTWd6J2F6p2CVpoQKNAPMI145T.jpg"
				},
				{
					"cast_id": 1,
					"character": "Sento Kiryu / Kamen Rider Build",
					"credit_id": "5b78787e0e0a26472b0164e5",
					"gender": 2,
					"id": 1864577,
					"name": "Atsuhiro Inukai",
					"order": 2,
					"profile_path": "/2wgPIyTZHa9fEGG4AjvrfbfpVgf.jpg"
				},
				{
					"cast_id": 4,
					"character": "Geiz Myoukouin / Kamen Rider Geiz",
					"credit_id": "5c381a89c3a36826765d0280",
					"gender": 0,
					"id": 2065347,
					"name": "Gaku Oshida",
					"order": 3,
					"profile_path": "/7AkQ34s6geZ7OizVFG0Q1yO2JDB.jpg"
				},
				{
					"cast_id": 5,
					"character": "Ryuga Banjo / Kamen Rider Cross-Z",
					"credit_id": "5c381aa1c3a36826875d0132",
					"gender": 2,
					"id": 1509675,
					"name": "Eiji Akaso",
					"order": 4,
					"profile_path": "/um09stSN8UtkLPIfuX9LspHQpHS.jpg"
				},
				{
					"cast_id": 6,
					"character": "Woz",
					"credit_id": "5c381ae09251412c6e1ebac1",
					"gender": 0,
					"id": 2115306,
					"name": "Keisuke Watanabe",
					"order": 5,
					"profile_path": "/62idGLZAzdye2qny1n3wAGKDxTf.jpg"
				}
			],
			"director": 1424064,
			"like_users": [],
			"poster_path": "https://image.tmdb.org/t/p/w600_and_h900_bestv2//6sOFQDlkY6El1B2P5gklzJfVdsT.jpg"
		}
	},
	{
		"model": "movies.movie",
		"pk": 495925,
		"fields": {
			"adult": false,
			"original_language": "ja",
			"original_title": "映画ドラえもん のび太の宝島",
			"overview": "보물을 찾기로 결심한 진구는 도라에몽의 ‘보물찾기 지도’로 수수께끼 섬을 발견한다.  ‘노진구올라호’를 타고 보물섬으로 향하던 도라에몽과 친구들은 해적에게 습격 당하고 이슬이까지 납치되고 마는데…  우연히 바다에서 표류하던 소년 플록과 앵무새 퀴즈를 만나 보물섬의 비밀에 대해 알게 된다! 과연 캡틴도라와 친구들은 수수께끼 섬에 잠든 환상의 보물을 찾을 수 있을까?",
			"release_date": "2018-03-03",
			"revenue": 0,
			"runtime": 109,
			"tagline": "“반드시 보물섬을 찾아낼 거야!”",
			"title": "도라에몽: 진구의 보물섬",
			"genres": [
				16
			],
			"casts": [
				1241939,
				932986,
				9715,
				1142780,
				90567
			],
			"role_data": [
				{
					"cast_id": 8,
					"character": "Doraemon",
					"credit_id": "5b94d3dc9251414338019ed0",
					"gender": 1,
					"id": 1241939,
					"name": "Wasabi Mizuta",
					"order": 1,
					"profile_path": "/qrwpMJtpUwLT0NbJ4cN5sBmnK5f.jpg"
				},
				{
					"cast_id": 9,
					"character": "Nobita",
					"credit_id": "5b94d3f8c3a368568101e3f5",
					"gender": 1,
					"id": 932986,
					"name": "Megumi Oohara",
					"order": 2,
					"profile_path": "/5EGkubqHOydLUFu2odpuYDiqjEV.jpg"
				},
				{
					"cast_id": 10,
					"character": "Shizuka",
					"credit_id": "5b94d406c3a368568a017837",
					"gender": 1,
					"id": 9715,
					"name": "Yumi Kakazu",
					"order": 3,
					"profile_path": "/9CXM6VhES0LA6GdasISeDHZzszH.jpg"
				},
				{
					"cast_id": 11,
					"character": "Gian",
					"credit_id": "5b94d4140e0a26197b01ae5e",
					"gender": 2,
					"id": 1142780,
					"name": "Subaru Kimura",
					"order": 4,
					"profile_path": "/nExQR8fwNIjvM16YveKCcGJ4KzF.jpg"
				},
				{
					"cast_id": 12,
					"character": "Suneo",
					"credit_id": "5b94d4220e0a26198701b0c8",
					"gender": 2,
					"id": 90567,
					"name": "Tomokazu Seki",
					"order": 5,
					"profile_path": "/vMsJSXSLqC5XRF5Gn09cznwxzIa.jpg"
				}
			],
			"director": 1297518,
			"like_users": [],
			"poster_path": "https://image.tmdb.org/t/p/w600_and_h900_bestv2//nWe3eY9YZC2EG5PFwIAENiqay4J.jpg"
		}
	},
	{
		"model": "movies.movie",
		"pk": 456740,
		"fields": {
			"adult": false,
			"original_language": "en",
			"original_title": "Hellboy",
			"overview": "'헬보이' 자신이 소속된 B.P.R.D의 임무로 영국의 한 비밀 단체의 괴수 사냥을 도우러 갔지만 되려 공격을 당하고, 곧 영국에서 어마어마한 일이 벌어지고 있다는 것을 알게 된다. 서기 566년, 아서왕에게 패하고 몸이 7조각으로 나뉘어 봉인된 '블러드 퀸'을 다시 부활시켜 인류를 파멸시키려는 초자연적 빌런들에 의해 영국은 물론 전 세계가 위험에 빠지게 된다. 헬보이는 이들에 맞서 인류를 위험으로부터 구해야만 하는데…",
			"release_date": "2019-04-10",
			"revenue": 12015000,
			"runtime": 121,
			"tagline": "악마보다 더한 놈이 온다!",
			"title": "헬보이",
			"genres": [
				28,
				12,
				14
			],
			"casts": [
				35029,
				63,
				6972,
				18307,
				1535218
			],
			"role_data": [
				{
					"cast_id": 7,
					"character": "Hellboy",
					"credit_id": "59112b0bc3a36864a703a266",
					"gender": 2,
					"id": 35029,
					"name": "David Harbour",
					"order": 0,
					"profile_path": "/chPekukMF5SNnW6b22NbYPqAStr.jpg"
				},
				{
					"cast_id": 9,
					"character": "Nimue the Blood Queen",
					"credit_id": "598e8137c3a36874b4006109",
					"gender": 1,
					"id": 63,
					"name": "Milla Jovovich",
					"order": 1,
					"profile_path": "/mcNgLarIVho7LheWcvd1oQ2tBOg.jpg"
				},
				{
					"cast_id": 8,
					"character": "Prof. Trevor Bruttenholm",
					"credit_id": "59816a9e92514151e700deae",
					"gender": 2,
					"id": 6972,
					"name": "Ian McShane",
					"order": 2,
					"profile_path": "/pY9ud4BJwHekNiO4MMItPbgkdAy.jpg"
				},
				{
					"cast_id": 16,
					"character": "Major Ben Daimio",
					"credit_id": "59b74f55925141677f0056e9",
					"gender": 2,
					"id": 18307,
					"name": "Daniel Dae Kim",
					"order": 3,
					"profile_path": "/dehGaLoF7eq31pX0YXIS8KWGwv0.jpg"
				},
				{
					"cast_id": 10,
					"character": "Alice Monaghan",
					"credit_id": "5993e122925141542300f81b",
					"gender": 1,
					"id": 1535218,
					"name": "Sasha Lane",
					"order": 4,
					"profile_path": "/sR9vrYIAEzIaxY0LtSAyZjBSz9X.jpg"
				}
			],
			"director": 57581,
			"like_users": [],
			"poster_path": "https://image.tmdb.org/t/p/w600_and_h900_bestv2//gua7L4syuPUZeG35lpu5xvOzquH.jpg"
		}
	},
	{
		"model": "movies.movie",
		"pk": 576393,
		"fields": {
			"adult": false,
			"original_language": "zh",
			"original_title": "一吻定情",
			"overview": "A반 남신 ‘장즈수’와 처음 본 순간 KISS한 F반 ‘위안샹친’! 수학처럼 안 풀려도 절대 포기할 수 없는 확률 0% 멀고도 용감한 짝사랑 일대기.  장난 아니게 설레는 로코의 새로운 흥행 공식. 2019년 봄, 너 x 나 = 공식 ♡ 로코",
			"release_date": "2019-02-14",
			"revenue": 0,
			"runtime": 123,
			"tagline": "내가 좋아하는 사람이 날 좋아할 확률은 얼마나 될까?",
			"title": "장난스런 키스",
			"genres": [
				10749,
				35
			],
			"casts": [
				1473995,
				1574909,
				2238409,
				1675023,
				1794457
			],
			"role_data": [
				{
					"cast_id": 1,
					"character": "Jiang Zhi Shu",
					"credit_id": "5c437465c3a3681a1122ebd4",
					"gender": 2,
					"id": 1473995,
					"name": "Darren Wang",
					"order": 1,
					"profile_path": "/9Jcj9wdqIwK7gClecNBbboCSfKt.jpg"
				},
				{
					"cast_id": 2,
					"character": "Yuan Xiang Qin",
					"credit_id": "5c4374b4c3a3681a0922f17b",
					"gender": 1,
					"id": 1574909,
					"name": "Jelly Lin",
					"order": 2,
					"profile_path": "/vQzr9R3ZxuMX4907aWF1FIZddSf.jpg"
				},
				{
					"cast_id": 5,
					"character": "",
					"credit_id": "5c7dd47e0e0a26430a5944fe",
					"gender": 0,
					"id": 2238409,
					"name": "Li-Tung Chang",
					"order": 3,
					"profile_path": "/zBTkVHLSsoQmW475r52ED8klgkt.jpg"
				},
				{
					"cast_id": 6,
					"character": "",
					"credit_id": "5c7dd48b925141276615f31b",
					"gender": 0,
					"id": 1675023,
					"name": "Chen Kenji",
					"order": 4,
					"profile_path": "/foCtxy4UwXtnvBbGYSgmTERBPvk.jpg"
				},
				{
					"cast_id": 7,
					"character": "",
					"credit_id": "5c7dd495c3a3684e9dd0be0e",
					"gender": 1,
					"id": 1794457,
					"name": "Alina Cheng",
					"order": 5,
					"profile_path": "/zjuwfZLCFCPtVnvoXTqIGEmbawJ.jpg"
				}
			],
			"director": 1495940,
			"like_users": [],
			"poster_path": "https://image.tmdb.org/t/p/w600_and_h900_bestv2//wtaSH8MfJSCEIrrEX9SQuHdU5sl.jpg"
		}
	},
	{
		"model": "movies.movie",
		"pk": 438650,
		"fields": {
			"adult": false,
			"original_language": "en",
			"original_title": "Cold Pursuit",
			"overview": "평범한 제설차 운전수이자 올해의 모범시민 ‘넬스 콕스맨’. 법 없이도 살 수 있던 그는 마약 조직의 사이코패스 보스 ‘바이킹’이 꾸며낸 아들의 처참한 죽음 앞에서 분노의 심판자로 다시 태어난다. ‘스피도’, ‘림보’, ‘산타’ 등 마피아들을 연달아 처단하며 그들의 소굴에 한 걸음 가까워질수록 ‘넬스’의 분노는 죽음도 대신할 수 없는 깊은 복수심으로 소용돌이 치는데…",
			"release_date": "2019-02-07",
			"revenue": 59213931,
			"runtime": 119,
			"tagline": "복수에는 자비가 없다",
			"title": "콜드 체이싱",
			"genres": [
				28,
				18,
				53,
				80,
				35
			],
			"casts": [
				3896,
				4784,
				2202462,
				67979,
				98661
			],
			"role_data": [
				{
					"cast_id": 0,
					"character": "Nels Coxman",
					"credit_id": "58921f149251412dd4009923",
					"gender": 2,
					"id": 3896,
					"name": "Liam Neeson",
					"order": 0,
					"profile_path": "/9mdAohLsDu36WaXV2N3SQ388bvz.jpg"
				},
				{
					"cast_id": 5,
					"character": "Grace Coxman",
					"credit_id": "5b153afb0e0a262dc700999b",
					"gender": 1,
					"id": 4784,
					"name": "Laura Dern",
					"order": 1,
					"profile_path": "/2Ryt0SsExqWrLTzBu6sZcbLwoDJ.jpg"
				},
				{
					"cast_id": 10,
					"character": "Kyle Coxman",
					"credit_id": "5c5a00139251415fa84db34a",
					"gender": 2,
					"id": 2202462,
					"name": "Micheál Richardson",
					"order": 2,
					"profile_path": "/z9uCzTIAy9pi3r3X2fDGiYuLCXK.jpg"
				},
				{
					"cast_id": 11,
					"character": "Speedo",
					"credit_id": "5c5a002d0e0a263ccde9181f",
					"gender": 2,
					"id": 67979,
					"name": "Michael Eklund",
					"order": 3,
					"profile_path": "/nS5KythBX5J8Blk1sXz4YsoWNbZ.jpg"
				},
				{
					"cast_id": 12,
					"character": "Limbo",
					"credit_id": "5c5a004092514116fc5d4be2",
					"gender": 2,
					"id": 98661,
					"name": "Bradley Stryker",
					"order": 4,
					"profile_path": "/3h0F6HRz4He5ESx9mIIIGV90MF2.jpg"
				}
			],
			"director": 95972,
			"like_users": [],
			"poster_path": "https://image.tmdb.org/t/p/w600_and_h900_bestv2//r2pzXSlKzof7U7ahrX5hh1HNGit.jpg"
		}
	},
	{
		"model": "movies.movie",
		"pk": 450465,
		"fields": {
			"adult": false,
			"original_language": "en",
			"original_title": "Glass",
			"overview": "틈틈이 도시의 수호자로 활약하며 지내던 데이빗은 납치범 케빈의 존재를 알게 된다. 두 사람은 서로의 비범한 능력을 알아보지만 대결을 마무리 짓기도 전에 엘리 스테이플 박사(사라 폴슨)에 의해 정신병원에 수감된다. 병원에는 두 사람 외에 미스터 글래스도 입원해 있다. 엘리 박사는 이들을 자신이 슈퍼히어로라 믿는 과대망상 환자로 치부한다. 그 와중에 글래스는 자신만의 계획을 실행에 옮긴다. 불행한 히어로 데이빗과 상처 깊은 안티 히어로 케빈의 대결을 부추기고, 슈퍼히어로의 존재를 세상에 알리고자 한다. 그러면서 자신은 배후의 설계자이자 창조자로 남으려 한다.",
			"release_date": "2019-01-16",
			"revenue": 246941965,
			"runtime": 130,
			"tagline": "24개의 인격, 강철 같은 신체, 천재적 두뇌. 마침내 그들이 만났다",
			"title": "글래스",
			"genres": [
				53,
				9648,
				18,
				14,
				878
			],
			"casts": [
				5530,
				62,
				2231,
				1397778,
				34490
			],
			"role_data": [
				{
					"cast_id": 4,
					"character": "Kevin Wendell Crumb / Patricia / Dennis / Hedwig / The Beast / Barry / Heinrich / Jade / Ian / Mary Reynolds / Norma / Jalin / Kat / B. T. / Mr. Pritchard / Felida / Luke / Goddard / Samuel / Polly",
					"credit_id": "5900cbdbc3a3680fcc00de6d",
					"gender": 2,
					"id": 5530,
					"name": "James McAvoy",
					"order": 0,
					"profile_path": "/u4rQqXCUSyNs9Mbpi3bynFcRlHZ.jpg"
				},
				{
					"cast_id": 0,
					"character": "David Dunn / The Overseer",
					"credit_id": "58e2c83c92514179de004823",
					"gender": 2,
					"id": 62,
					"name": "Bruce Willis",
					"order": 1,
					"profile_path": "/kI1OluWhLJk3pnR19VjOfABpnTY.jpg"
				},
				{
					"cast_id": 5,
					"character": "Elijah Price / Mr. Glass",
					"credit_id": "5900cbff92514161c600dbe2",
					"gender": 2,
					"id": 2231,
					"name": "Samuel L. Jackson",
					"order": 2,
					"profile_path": "/mXN4Gw9tZJVKrLJHde2IcUHmV3P.jpg"
				},
				{
					"cast_id": 6,
					"character": "Casey Cooke",
					"credit_id": "5900cc2f92514161e800db6b",
					"gender": 1,
					"id": 1397778,
					"name": "Anya Taylor-Joy",
					"order": 3,
					"profile_path": "/qaOlnmpE0vjYDywaZvDlO5R2Fq2.jpg"
				},
				{
					"cast_id": 8,
					"character": "Dr. Ellie Staple",
					"credit_id": "59761d1792514157f70330c4",
					"gender": 1,
					"id": 34490,
					"name": "Sarah Paulson",
					"order": 4,
					"profile_path": "/jkhpv4oPNcMSvPPDUuCyPIFwYyS.jpg"
				}
			],
			"director": 11614,
			"like_users": [],
			"poster_path": "https://image.tmdb.org/t/p/w600_and_h900_bestv2//jFcPLDPjphkW4P4b1JhGN2Ggthk.jpg"
		}
	},
	{
		"model": "movies.movie",
		"pk": 537915,
		"fields": {
			"adult": false,
			"original_language": "en",
			"original_title": "After",
			"overview": "모범생 ‘테사’와 반항아 ‘하딘’ 강렬했던 첫 만남 이후 아슬아슬하고 위태로운 사랑을 시작한다.",
			"release_date": "2019-04-11",
			"revenue": 62000000,
			"runtime": 106,
			"tagline": "",
			"title": "애프터",
			"genres": [
				18,
				10749
			],
			"casts": [
				1753914,
				1114487,
				11826,
				3130,
				8212
			],
			"role_data": [
				{
					"cast_id": 4,
					"character": "Tessa Young",
					"credit_id": "5b5cef40925141522701ca2f",
					"gender": 1,
					"id": 1753914,
					"name": "Josephine Langford",
					"order": 0,
					"profile_path": "/gk1LDx2EkLol4Aacw5CUuH8NhMw.jpg"
				},
				{
					"cast_id": 1,
					"character": "Hardin Scott",
					"credit_id": "5b5cef1a0e0a262e8d01fa93",
					"gender": 2,
					"id": 1114487,
					"name": "Hero Fiennes Tiffin",
					"order": 1,
					"profile_path": "/jAeDXgk8jPx1qgb5co9No3n7ywL.jpg"
				},
				{
					"cast_id": 16,
					"character": "Carol Young",
					"credit_id": "5bd353bb9251410387003cde",
					"gender": 1,
					"id": 11826,
					"name": "Selma Blair",
					"order": 2,
					"profile_path": "/jYFxEJhy53A13Ugtz4pKgDK6kkr.jpg"
				},
				{
					"cast_id": 0,
					"character": "Karen Gibson",
					"credit_id": "5b5cef0e0e0a262e9f01d7d5",
					"gender": 1,
					"id": 3130,
					"name": "Jennifer Beals",
					"order": 3,
					"profile_path": "/x3HHLQ7UVZDuSU5e2wZMQWEjrwl.jpg"
				},
				{
					"cast_id": 2,
					"character": "Ken Scott",
					"credit_id": "5b5cef23925141522401d1ee",
					"gender": 2,
					"id": 8212,
					"name": "Peter Gallagher",
					"order": 4,
					"profile_path": "/76p7x64BpkgNJCLb5d7xklQ1Fzd.jpg"
				}
			],
			"director": 1586194,
			"like_users": [],
			"poster_path": "https://image.tmdb.org/t/p/w600_and_h900_bestv2//zTZ7Q9mAwBQoYaR8HgGbmBNp6AC.jpg"
		}
	},
	{
		"model": "movies.movie",
		"pk": 299536,
		"fields": {
			"adult": false,
			"original_language": "en",
			"original_title": "Avengers: Infinity War",
			"overview": "타노스(조시 브롤린)는 6개의 인피니티 스톤을 획득해 신으로 군림하려 한다. 그것은 곧 인류의 절반을 학살해 우주의 균형을 맞추겠다는 뜻. 타노스는 닥터 스트레인지(베네딕트 컴버배치)가 소유한 타임 스톤, 비전(폴 베타니)의 이마에 박혀 있는 마인드 스톤을 차지하기 위해 지구를 침략한다. 아이언맨(로버트 다우니 주니어)과 스파이더맨(톰 홀랜드)은 가디언즈 오브 갤럭시의 멤버들과 타노스를 상대한다. 지구에선 캡틴 아메리카(크리스 에반스), 완다(엘리자베스 올슨), 블랙 위도우(스칼렛 요한슨), 블랙 팬서(채드윅 보스먼) 등이 비전을 지키기 위해 뭉친다.",
			"release_date": "2018-04-25",
			"revenue": 2046239637,
			"runtime": 149,
			"tagline": "영화의 역사를 뒤바꿀 마블의 클라이맥스!",
			"title": "어벤져스: 인피니티 워",
			"genres": [
				12,
				28,
				14
			],
			"casts": [
				3223,
				74568,
				16828,
				103,
				1245
			],
			"role_data": [
				{
					"cast_id": 1,
					"character": "Tony Stark / Iron Man",
					"credit_id": "54a9cfa29251414d5b00553d",
					"gender": 2,
					"id": 3223,
					"name": "Robert Downey Jr.",
					"order": 0,
					"profile_path": "/1YjdSym1jTG7xjHSI0yGGWEsw5i.jpg"
				},
				{
					"cast_id": 6,
					"character": "Thor Odinson",
					"credit_id": "54a9d012c3a3680c29005762",
					"gender": 2,
					"id": 74568,
					"name": "Chris Hemsworth",
					"order": 1,
					"profile_path": "/lrhth7yK9p3vy6p7AabDUM1THKl.jpg"
				},
				{
					"cast_id": 2,
					"character": "Steve Rogers / Captain America",
					"credit_id": "54a9cfc0c3a3680c2900575e",
					"gender": 2,
					"id": 16828,
					"name": "Chris Evans",
					"order": 2,
					"profile_path": "/7dUkkq1lK593XvOjunlUB11lKm1.jpg"
				},
				{
					"cast_id": 13,
					"character": "Bruce Banner / The Hulk",
					"credit_id": "573fc00592514177ec00010a",
					"gender": 2,
					"id": 103,
					"name": "Mark Ruffalo",
					"order": 3,
					"profile_path": "/z3dvKqMNDQWk3QLxzumloQVR0pv.jpg"
				},
				{
					"cast_id": 40,
					"character": "Natasha Romanoff / Black Widow",
					"credit_id": "581f354cc3a36860b9005213",
					"gender": 1,
					"id": 1245,
					"name": "Scarlett Johansson",
					"order": 4,
					"profile_path": "/tHMgW7Pg0Fg6HmB8Kh8Ixk6yxZw.jpg"
				}
			],
			"director": 19272,
			"like_users": [],
			"poster_path": "https://image.tmdb.org/t/p/w600_and_h900_bestv2//kmP6viwzcEkZeoi1LaVcQemcvZh.jpg"
		}
	},
	{
		"model": "movies.movie",
		"pk": 526050,
		"fields": {
			"adult": false,
			"original_language": "en",
			"original_title": "Little",
			"overview": "",
			"release_date": "2019-04-04",
			"revenue": 17399000,
			"runtime": 108,
			"tagline": "",
			"title": "Little",
			"genres": [
				35,
				14
			],
			"casts": [
				1407498,
				1455336,
				35705,
				1120700,
				1222596
			],
			"role_data": [
				{
					"cast_id": 0,
					"character": "Jordan Sanders (Young)",
					"credit_id": "5b0632319251410db5006717",
					"gender": 1,
					"id": 1407498,
					"name": "Marsai Martin",
					"order": 0,
					"profile_path": "/iCVAwtGwEztL8fk01SgEgXhh4oL.jpg"
				},
				{
					"cast_id": 1,
					"character": "April",
					"credit_id": "5b063236c3a3684c910091e1",
					"gender": 1,
					"id": 1455336,
					"name": "Issa Rae",
					"order": 1,
					"profile_path": "/7LM6NAJRPPZtwHA6pOKagcU84Gm.jpg"
				},
				{
					"cast_id": 16,
					"character": "Jordan Sanders (Adult)",
					"credit_id": "5c3630f2c3a36827361c2563",
					"gender": 1,
					"id": 35705,
					"name": "Regina Hall",
					"order": 2,
					"profile_path": "/5xwv4XUND9HhJqfeTmtxmzJJJR0.jpg"
				},
				{
					"cast_id": 18,
					"character": "Preston",
					"credit_id": "5c9689cb9251416b33f37199",
					"gender": 0,
					"id": 1120700,
					"name": "Tone Bell",
					"order": 3,
					"profile_path": "/AqwXrDB3hZ2zl4pngvwZuO6yq9t.jpg"
				},
				{
					"cast_id": 3,
					"character": "",
					"credit_id": "5b90aba40e0a2665a30069b1",
					"gender": 2,
					"id": 1222596,
					"name": "Justin Hartley",
					"order": 4,
					"profile_path": "/nkQ8RacxpK3seNl9odCWqkrtvtY.jpg"
				}
			],
			"director": 84124,
			"like_users": [],
			"poster_path": "https://image.tmdb.org/t/p/w600_and_h900_bestv2//4MDB6jJl3U7xK1Gw64zIqt9pQA4.jpg"
		}
	},
	{
		"model": "movies.movie",
		"pk": 487297,
		"fields": {
			"adult": false,
			"original_language": "en",
			"original_title": "What Men Want",
			"overview": "",
			"release_date": "2019-02-08",
			"revenue": 69766483,
			"runtime": 117,
			"tagline": "",
			"title": "왓 맨 원트",
			"genres": [
				35,
				14,
				10749
			],
			"casts": [
				40036,
				56903,
				83860,
				63234,
				2121990
			],
			"role_data": [
				{
					"cast_id": 35,
					"character": "Ali Davis",
					"credit_id": "5c6d10960e0a261aaf9f4eb0",
					"gender": 1,
					"id": 40036,
					"name": "Taraji P. Henson",
					"order": 0,
					"profile_path": "/rxnEvzGlRBsE94s7lC4cMAiLluH.jpg"
				},
				{
					"cast_id": 52,
					"character": "Joe 'Dolla' Barry",
					"credit_id": "5c6d12900e0a2617779f492e",
					"gender": 2,
					"id": 56903,
					"name": "Tracy Morgan",
					"order": 1,
					"profile_path": "/v7l37yzapiVav6dAUxnYseu9tZq.jpg"
				},
				{
					"cast_id": 53,
					"character": "Will",
					"credit_id": "5c6d12b4c3a3684f97eb140d",
					"gender": 2,
					"id": 83860,
					"name": "Aldis Hodge",
					"order": 2,
					"profile_path": "/bwnP5uuAsJgceLF2kJbeMJN0ONP.jpg"
				},
				{
					"cast_id": 54,
					"character": "Olivia",
					"credit_id": "5c6d12cb0e0a262c999fb6ed",
					"gender": 1,
					"id": 63234,
					"name": "Wendi McLendon-Covey",
					"order": 3,
					"profile_path": "/uEZjQVJjwzMvMkvXZu1gDKq8lA6.jpg"
				},
				{
					"cast_id": 45,
					"character": "Kristen Ledlow",
					"credit_id": "5c6d12140e0a267f9d989eab",
					"gender": 0,
					"id": 2121990,
					"name": "Kristen Ledlow",
					"order": 4,
					"profile_path": null
				}
			],
			"director": 20739,
			"like_users": [],
			"poster_path": "https://image.tmdb.org/t/p/w600_and_h900_bestv2//30IiwvIRqPGjUV0bxJkZfnSiCL.jpg"
		}
	},
	{
		"model": "movies.movie",
		"pk": 157433,
		"fields": {
			"adult": false,
			"original_language": "en",
			"original_title": "Pet Sematary",
			"overview": "갑작스런 사고로 딸 엘리를 잃은 크리드(제이슨 클락)는 죽은 것이 살아 돌아온다는 애완동물 공동묘지에 딸을 묻게 되고, 어딘가 다른 모습으로 돌아온 엘리는 무시무시한 공포의 대상이 되어 가족들의 숨통을 조여오는데…",
			"release_date": "2019-04-04",
			"revenue": 42300000,
			"runtime": 101,
			"tagline": "“아빠, 왜 날 살렸어…?” 죽었던 딸이 돌아오고, 진정한 공포가 시작된다!",
			"title": "공포의 묘지",
			"genres": [
				53,
				9648,
				27
			],
			"casts": [
				76512,
				139150,
				12074,
				1853972,
				2143771
			],
			"role_data": [
				{
					"cast_id": 4,
					"character": "Louis Creed",
					"credit_id": "5ad669f7c3a36805ca000de9",
					"gender": 2,
					"id": 76512,
					"name": "Jason Clarke",
					"order": 0,
					"profile_path": "/quH4y2dto3UAgZOfaM0QriyRLPN.jpg"
				},
				{
					"cast_id": 6,
					"character": "Rachel Creed",
					"credit_id": "5b11e8459251417c5600328d",
					"gender": 1,
					"id": 139150,
					"name": "Amy Seimetz",
					"order": 1,
					"profile_path": "/sr8QK4XdyZB1ysRzKEQkJFvd1Pa.jpg"
				},
				{
					"cast_id": 5,
					"character": "Jud Crandall",
					"credit_id": "5aeeb65ac3a368142a0027e8",
					"gender": 2,
					"id": 12074,
					"name": "John Lithgow",
					"order": 2,
					"profile_path": "/uquz3dZ0fs0lAK57lCXwxaslVkb.jpg"
				},
				{
					"cast_id": 12,
					"character": "Ellie Creed",
					"credit_id": "5bb97064c3a368242f01a39c",
					"gender": 1,
					"id": 1853972,
					"name": "Jeté Laurence",
					"order": 3,
					"profile_path": "/5xSyE6PiduEFWDDzV8oZFbS3FpB.jpg"
				},
				{
					"cast_id": 10,
					"character": "Gage Creed",
					"credit_id": "5bb936bcc3a368243701712e",
					"gender": 2,
					"id": 2143771,
					"name": "Lucas Lavoie",
					"order": 4,
					"profile_path": "/i6YXjjEcX0uWfaVmeJMkomy62F0.jpg"
				}
			],
			"director": 1290272,
			"like_users": [],
			"poster_path": "https://image.tmdb.org/t/p/w600_and_h900_bestv2//vMwJY1zpUZ0zsLFyIqVVWuAzZQz.jpg"
		}
	},
	{
		"model": "movies.movie",
		"pk": 166428,
		"fields": {
			"adult": false,
			"original_language": "en",
			"original_title": "How to Train Your Dragon: The Hidden World",
			"overview": "바이킹 족장으로 거듭난 히컵과 그의 영원한 친구 투슬리스가 누구도 찾지 못했던 드래곤의 파라다이스 히든월드를 찾아 떠나는 마지막 모험을 담은 스펙터클 액션 어드벤처",
			"release_date": "2019-01-03",
			"revenue": 508700470,
			"runtime": 104,
			"tagline": "영원히 기억될 그들의 마지막 모험이 시작된다",
			"title": "드래곤 길들이기 3",
			"genres": [
				16,
				10751,
				12
			],
			"casts": [
				449,
				59174,
				1164,
				112,
				17276
			],
			"role_data": [
				{
					"cast_id": 41,
					"character": "Hiccup (voice)",
					"credit_id": "5c6d150b0e0a262c999fbcb3",
					"gender": 2,
					"id": 449,
					"name": "Jay Baruchel",
					"order": 1,
					"profile_path": "/7EX0od3FwdaoEegJlY1q0kZgEqt.jpg"
				},
				{
					"cast_id": 42,
					"character": "Astrid (voice)",
					"credit_id": "5c6d150bc3a36843c6ea004e",
					"gender": 1,
					"id": 59174,
					"name": "America Ferrera",
					"order": 2,
					"profile_path": "/9xuc962JhsW51bCFURtel7RBrMM.jpg"
				},
				{
					"cast_id": 43,
					"character": "Grimmel (voice)",
					"credit_id": "5c6d150b925141250a0f1fcd",
					"gender": 2,
					"id": 1164,
					"name": "F. Murray Abraham",
					"order": 3,
					"profile_path": "/nRbIHvVpz5jfQbKlnBAJN10qaLo.jpg"
				},
				{
					"cast_id": 44,
					"character": "Valka (voice)",
					"credit_id": "5c6d150b0e0a266dacabb49d",
					"gender": 1,
					"id": 112,
					"name": "Cate Blanchett",
					"order": 4,
					"profile_path": "/1Rd567YFdGfkJjSlhNPR8joYkaX.jpg"
				},
				{
					"cast_id": 45,
					"character": "Stoick (voice)",
					"credit_id": "5c6d150cc3a3683bf0df7ad4",
					"gender": 2,
					"id": 17276,
					"name": "Gerard Butler",
					"order": 5,
					"profile_path": "/wRKkVe5uugkx4KnmphBSjJUWPTo.jpg"
				}
			],
			"director": 69797,
			"like_users": [],
			"poster_path": "https://image.tmdb.org/t/p/w600_and_h900_bestv2//tR7qCJvVql0OQ42TzE1T6GUxjsI.jpg"
		}
	},
	{
		"model": "movies.movie",
		"pk": 566555,
		"fields": {
			"adult": false,
			"original_language": "ja",
			"original_title": "名探偵コナン 紺青の拳（フィスト）",
			"overview": "19세기 말에 해적선과 함께 싱가폴 앞 바다에 침몰되었다 알려진 세계 최대의 블루 사파이어인 \"감청의 주먹\"은 현지의 부자가 회수에 투자, 무대에 그 모습을 드러냈다. 그 때, 마리나 베이 샌즈에서 살인 사건이 발생. 현장에는 괴도 키드의 「피로 물든 예고장」이 남아 있었다. 한 편, 싱가포르에서 개최되는 가라데 토너먼트를 관전하기 위해 란과 소노코는 현지를 방문했다. 여권을 가지고 있지 않기 때문에 해외로 갈 수 없는 코난은 집을 볼 예정이었지만 그를 이용하려는 키드의 기묘한 방법으로 강제로 싱가포르에 끌려온다. 키드를 따르지 않으면 일본에 갈 수 조차없는 코난은 안경, 시계, 옷 등 모든 걸 빼앗기고 변장하게 된다. 그 정체를 모르고 란이 이름을 묻자 순간 아서 히라이(!?)라고 자칭한다. 이윽고 키드는 어느 저택의 지하 금고에 블루 사파이어가 잠들어 있다는 정보를 얻는다. 아주 간단하게 침입에 성공했다고 생각했지만 너무 위험한 함정이 키드를 기다리고 있었다. 가로막은 건 400전 무패의 최강의 가라테 선수인 쿄고쿠. 키드의 운명은... 그리고 불길한 뭔가를 전조하는 것처럼 싱가포르의 상징인 머라이언에서 진홍색으로 물든 물이 방출된다!",
			"release_date": "2019-04-12",
			"revenue": 0,
			"runtime": 0,
			"tagline": "",
			"title": "명탐정 코난: 감청의 주먹",
			"genres": [
				16,
				28,
				18,
				9648,
				35
			],
			"casts": [
				68470,
				87582,
				237076,
				68472,
				40325
			],
			"role_data": [
				{
					"cast_id": 1,
					"character": "Conan Edogawa (voice)",
					"credit_id": "5c0651720e0a262cfb0d31c0",
					"gender": 1,
					"id": 68470,
					"name": "Minami Takayama",
					"order": 1,
					"profile_path": "/42KYqP5wAAwbihJSwLRFvCgYVZe.jpg"
				},
				{
					"cast_id": 2,
					"character": "Ran Mouri (voice)",
					"credit_id": "5c06524ac3a36861f90ec7ca",
					"gender": 1,
					"id": 87582,
					"name": "Wakana Yamazaki",
					"order": 2,
					"profile_path": "/r5FFuehy9tnnvWmi0u9alFWP3X0.jpg"
				},
				{
					"cast_id": 3,
					"character": "Kogorou Mouri (voice)",
					"credit_id": "5c0652cec3a3685a4b0d6aaa",
					"gender": 2,
					"id": 237076,
					"name": "Rikiya Koyama",
					"order": 3,
					"profile_path": "/8JJtnbgNcfOTTDcWR4w9TadbadQ.jpg"
				},
				{
					"cast_id": 4,
					"character": "Kaito Kuroba (voice)",
					"credit_id": "5c0652f2c3a3685c370d6d7d",
					"gender": 2,
					"id": 68472,
					"name": "Kappei Yamaguchi",
					"order": 4,
					"profile_path": "/8QpMGuviKgXS9Kx3IbAJeQclQY.jpg"
				},
				{
					"cast_id": 13,
					"character": "Ai Haibara (voice)",
					"credit_id": "5c559f4ac3a36826a6826620",
					"gender": 1,
					"id": 40325,
					"name": "Megumi Hayashibara",
					"order": 5,
					"profile_path": "/btCUFtJEE7RefoguctvvfQjxIcd.jpg"
				}
			],
			"director": 1481804,
			"like_users": [],
			"poster_path": "https://image.tmdb.org/t/p/w600_and_h900_bestv2//gCbJGWpWsmmu4FvqwoG4dkO48EN.jpg"
		}
	},
	{
		"model": "movies.movie",
		"pk": 284054,
		"fields": {
			"adult": false,
			"original_language": "en",
			"original_title": "Black Panther",
			"overview": "유엔 폭탄 테러로 아버지를 잃은 와칸다의 왕자 티찰라는 시빌 워 이후 고국 와칸다로 돌아가 왕좌에 오른다. 와칸다의 새로운 지도자 블랙팬서가 된 그는 옛 연인이자 와칸다의 스파이 나키아, 호위 무사 오코예와 함께 최강 희귀 금속 비브라늄 폭탄 거래가 이뤄지는 부산을 찾는다. 폭탄 거래의 배후에 있는 인물은 와칸다와 묘종의 연이 있는 정체불명의 남자, 에릭 킬몽거. 그는 놀라운 위력으로 티찰라를 제압하고 와칸다의 새로운 왕이 되려 하고, 이에 블랙 팬서는 피할 수 없는 전쟁에 나서는데...",
			"release_date": "2018-02-13",
			"revenue": 1346739107,
			"runtime": 135,
			"tagline": "마블의 가장 혁신적인 히어로가 온다",
			"title": "블랙 팬서",
			"genres": [
				28,
				12,
				14,
				878
			],
			"casts": [
				172069,
				135651,
				1267329,
				82104,
				7060
			],
			"role_data": [
				{
					"cast_id": 0,
					"character": "T'Challa / Black Panther",
					"credit_id": "544fe785c3a3680242002758",
					"gender": 2,
					"id": 172069,
					"name": "Chadwick Boseman",
					"order": 0,
					"profile_path": "/znyHJBN6r0cONV17R26U31R6VqR.jpg"
				},
				{
					"cast_id": 4,
					"character": "N'Jadaka / Erik \"Killmonger\" Stevens",
					"credit_id": "57364cc69251410b27000e31",
					"gender": 2,
					"id": 135651,
					"name": "Michael B. Jordan",
					"order": 1,
					"profile_path": "/4vXkRCbrquoP5Lrb4px7tubDLMC.jpg"
				},
				{
					"cast_id": 5,
					"character": "Nakia",
					"credit_id": "57374f77c3a3680516000c67",
					"gender": 1,
					"id": 1267329,
					"name": "Lupita Nyong'o",
					"order": 2,
					"profile_path": "/l8RXyGKcCqEagjEXOm8iUaQtKdW.jpg"
				},
				{
					"cast_id": 30,
					"character": "Okoye",
					"credit_id": "57951c20925141136a008222",
					"gender": 1,
					"id": 82104,
					"name": "Danai Gurira",
					"order": 3,
					"profile_path": "/xgo39kFf6rAynb1i9J1BeLfSXxg.jpg"
				},
				{
					"cast_id": 38,
					"character": "Everett K. Ross",
					"credit_id": "585e318192514115ca009b9f",
					"gender": 2,
					"id": 7060,
					"name": "Martin Freeman",
					"order": 4,
					"profile_path": "/EOujE6oH4TdqShKWfsiBaup4FS.jpg"
				}
			],
			"director": 1056121,
			"like_users": [],
			"poster_path": "https://image.tmdb.org/t/p/w600_and_h900_bestv2//iRkknrX0rRxZHSL79W2Rax0EFsL.jpg"
		}
	},
	{
		"model": "movies.movie",
		"pk": 24428,
		"fields": {
			"adult": false,
			"original_language": "en",
			"original_title": "The Avengers",
			"overview": "에너지원 큐브를 이용한 적의 등장으로 인류가 위험에 처하자 국제평화유지기구인 쉴드의 국장 닉 퓨리(사무엘 L. 잭슨)는 어벤져스 작전을 위해 전 세계에 흩어져 있던 슈퍼히어로들을 찾아나선다. 아이언맨(로버트 다우니 주니어)부터 토르(크리스 헴스워스), 헐크(마크 러팔로), 캡틴 아메리카(크리스 에반스)는 물론, 쉴드의 요원인 블랙 위도우(스칼렛 요한슨), 호크 아이(제레미 레너)까지, 최고의 슈퍼히어로들이 어벤져스의 멤버로 모이게 되지만, 각기 개성이 강한 이들의 만남은 예상치 못한 방향으로 흘러가는데...",
			"release_date": "2012-04-25",
			"revenue": 1519557910,
			"runtime": 142,
			"tagline": "최강의 슈퍼히어로들이 모였다.",
			"title": "어벤져스",
			"genres": [
				878,
				28,
				12
			],
			"casts": [
				3223,
				16828,
				74568,
				103,
				1245
			],
			"role_data": [
				{
					"cast_id": 46,
					"character": "Tony Stark / Iron Man",
					"credit_id": "52fe4495c3a368484e02b251",
					"gender": 2,
					"id": 3223,
					"name": "Robert Downey Jr.",
					"order": 0,
					"profile_path": "/1YjdSym1jTG7xjHSI0yGGWEsw5i.jpg"
				},
				{
					"cast_id": 2,
					"character": "Steve Rogers / Captain America",
					"credit_id": "52fe4495c3a368484e02b19b",
					"gender": 2,
					"id": 16828,
					"name": "Chris Evans",
					"order": 1,
					"profile_path": "/7dUkkq1lK593XvOjunlUB11lKm1.jpg"
				},
				{
					"cast_id": 4,
					"character": "Thor Odinson",
					"credit_id": "52fe4495c3a368484e02b1a5",
					"gender": 2,
					"id": 74568,
					"name": "Chris Hemsworth",
					"order": 2,
					"profile_path": "/lrhth7yK9p3vy6p7AabDUM1THKl.jpg"
				},
				{
					"cast_id": 32,
					"character": "Bruce Banner / The Hulk",
					"credit_id": "52fe4495c3a368484e02b221",
					"gender": 2,
					"id": 103,
					"name": "Mark Ruffalo",
					"order": 3,
					"profile_path": "/z3dvKqMNDQWk3QLxzumloQVR0pv.jpg"
				},
				{
					"cast_id": 34,
					"character": "Natasha Romanoff / Black Widow",
					"credit_id": "52fe4495c3a368484e02b229",
					"gender": 1,
					"id": 1245,
					"name": "Scarlett Johansson",
					"order": 4,
					"profile_path": "/tHMgW7Pg0Fg6HmB8Kh8Ixk6yxZw.jpg"
				}
			],
			"director": 12891,
			"like_users": [],
			"poster_path": "https://image.tmdb.org/t/p/w600_and_h900_bestv2//a4I7nkXh7F5a927cSLMYVhozbs7.jpg"
		}
	},
	{
		"model": "movies.movie",
		"pk": 920,
		"fields": {
			"adult": false,
			"original_language": "en",
			"original_title": "Cars",
			"overview": "화려한 성공과 갈채를 꿈꾸는 주인공 라이트닝 맥퀸(오웬 윌슨)은 경주에서 성공하는 것만이 인생의 모든 것이라 생각하는 타오르는 청춘. 하지만 피스톤 컵 챔피온쉽에 참가하기 위해 달리던 중 경쟁과 함성과는 동떨어진 래디에이터 스프링스란 한적한 시골로 들어서게 된다. 이제는 지도에 조차 표시되지 않는 한적한 66번 국도. 조용하지만 다양한 캐릭터들이 큰 열정을 간직하고 있는 이곳에서 맥퀸은 미스터리한 과거를 지닌 닥 허드슨(폴 뉴먼)과 샐리(보니 헌트), 그리고 메이터(래리 더 케이블 가이)를 만나게 된다. 그들을 통해 인생이란 목적지가 아닌, 여행하는 과정 그 자체이며 명성과 스폰서, 트로피 뒤에 가려진 소중한 가치를 깨닫게 되는데...",
			"release_date": "2006-06-08",
			"revenue": 461983149,
			"runtime": 117,
			"tagline": "픽사가 신차를 공개합니다",
			"title": "카",
			"genres": [
				16,
				12,
				35,
				10751
			],
			"casts": [
				887,
				3636,
				5149,
				15897,
				4252
			],
			"role_data": [
				{
					"cast_id": 13,
					"character": "Lightning McQueen (voice)",
					"credit_id": "52fe428dc3a36847f80277e9",
					"gender": 2,
					"id": 887,
					"name": "Owen Wilson",
					"order": 0,
					"profile_path": "/j7oYgvfDiO34VcFdSB7GhM2CSle.jpg"
				},
				{
					"cast_id": 14,
					"character": "Doc Hudson (voice)",
					"credit_id": "52fe428dc3a36847f80277ed",
					"gender": 2,
					"id": 3636,
					"name": "Paul Newman",
					"order": 1,
					"profile_path": "/bQDCw79HlOl1E1ufxUEcQLi7xfl.jpg"
				},
				{
					"cast_id": 15,
					"character": "Sally Carrera (voice)",
					"credit_id": "52fe428dc3a36847f80277f1",
					"gender": 1,
					"id": 5149,
					"name": "Bonnie Hunt",
					"order": 2,
					"profile_path": "/uKAfrFRZYnHFAxw53Jldbs8yIZO.jpg"
				},
				{
					"cast_id": 16,
					"character": "Mater (voice)",
					"credit_id": "52fe428dc3a36847f80277f5",
					"gender": 2,
					"id": 15897,
					"name": "Larry the Cable Guy",
					"order": 3,
					"profile_path": "/9yGwJBveIvLidqJEQI4PRuKQhMr.jpg"
				},
				{
					"cast_id": 18,
					"character": "Luigi (voice)",
					"credit_id": "52fe428dc3a36847f80277fd",
					"gender": 2,
					"id": 4252,
					"name": "Tony Shalhoub",
					"order": 4,
					"profile_path": "/jXzlVxS8u64XEZUoNPiuhGcQXDW.jpg"
				}
			],
			"director": 7879,
			"like_users": [],
			"poster_path": "https://image.tmdb.org/t/p/w600_and_h900_bestv2//pWFtiGLZdBTEJHrKM3AcTMuw9ue.jpg"
		}
	},
	{
		"model": "movies.movie",
		"pk": 445629,
		"fields": {
			"adult": false,
			"original_language": "en",
			"original_title": "Fighting with My Family",
			"overview": "",
			"release_date": "2019-02-14",
			"revenue": 35744759,
			"runtime": 108,
			"tagline": "",
			"title": "파이팅 위드 마이 패밀리",
			"genres": [
				35,
				18
			],
			"casts": [
				1373737,
				17286,
				11109,
				1334638,
				18918
			],
			"role_data": [
				{
					"cast_id": 3,
					"character": "Saraya \"Paige\" Knight",
					"credit_id": "58befee4c3a368668f0587a5",
					"gender": 1,
					"id": 1373737,
					"name": "Florence Pugh",
					"order": 0,
					"profile_path": "/eTP9NHurBIMkY2fTjoAcAbe6wpE.jpg"
				},
				{
					"cast_id": 0,
					"character": "Julia \"Sweet Saraya\" Knight",
					"credit_id": "58befec392514160840689df",
					"gender": 1,
					"id": 17286,
					"name": "Lena Headey",
					"order": 1,
					"profile_path": "/wcpy6J7KLzmVt0METboX3CZ0Jp.jpg"
				},
				{
					"cast_id": 1,
					"character": "Patrick \"Rowdy Ricky\" Knight",
					"credit_id": "58befece925141340701a6af",
					"gender": 2,
					"id": 11109,
					"name": "Nick Frost",
					"order": 2,
					"profile_path": "/kyY7voFKo9fS5UaGr1eATDEc9KD.jpg"
				},
				{
					"cast_id": 2,
					"character": "Zak \"Zodiac\" Knight",
					"credit_id": "58befed9c3a3680df801967f",
					"gender": 2,
					"id": 1334638,
					"name": "Jack Lowden",
					"order": 3,
					"profile_path": "/fKfaubGWh4QnupDAQ0K2lWBjJYX.jpg"
				},
				{
					"cast_id": 6,
					"character": "Dwayne \"The Rock\" Johnson",
					"credit_id": "58beff059251416084068a2b",
					"gender": 2,
					"id": 18918,
					"name": "Dwayne Johnson",
					"order": 4,
					"profile_path": "/kuqFzlYMc2IrsOyPznMd1FroeGq.jpg"
				}
			],
			"director": 39189,
			"like_users": [],
			"poster_path": "https://image.tmdb.org/t/p/w600_and_h900_bestv2//d3jBRiyojyYmJdNHvnpMEuMzfC9.jpg"
		}
	},
	{
		"model": "movies.movie",
		"pk": 329996,
		"fields": {
			"adult": false,
			"original_language": "en",
			"original_title": "Dumbo",
			"overview": "몸보다 훨씬 큰 귀를 가지고 태어나, 뒤뚱거리는 모습으로 서커스단의 웃음거리가 된 ‘덤보’. 어느 날 왕년의 서커스 스타 ‘홀트(콜린 파렐)’와 그의 아이들, 밀리와 조가 ’덤보’가 하늘을 날 수 있다는 것을 알게 되고, 유능한 사업가 ‘반데비어(마이클 키튼)’가 ‘덤보’를 스타로 만들기 위해 접근한다. 매력적인 공중 곡예사 ‘콜레트(에바 그린)’와 함께 하늘을 날게 된 ‘덤보’는 그의 친구들과 함께 환상적인 쇼를 둘러싼 어둠의 비밀을 발견하게 되는데…",
			"release_date": "2019-03-27",
			"revenue": 215832199,
			"runtime": 112,
			"tagline": "온 세상이 사랑한 아기 코끼리 ‘덤보’! 팀 버튼 감독의 상상력을 만나 다시 날아오른다!",
			"title": "덤보",
			"genres": [
				12,
				10751,
				14
			],
			"casts": [
				72466,
				2232,
				518,
				10912,
				2064125
			],
			"role_data": [
				{
					"cast_id": 6,
					"character": "Holt Farrier",
					"credit_id": "58d5f0479251411f90037273",
					"gender": 2,
					"id": 72466,
					"name": "Colin Farrell",
					"order": 0,
					"profile_path": "/pgMM9r5ll99RXSmz1J4sj8zaddW.jpg"
				},
				{
					"cast_id": 7,
					"character": "V. A. Vandemere",
					"credit_id": "58e4f0bb925141281002c6aa",
					"gender": 2,
					"id": 2232,
					"name": "Michael Keaton",
					"order": 1,
					"profile_path": "/baeHNv3qrVsnApuKbZXiJOhqMnw.jpg"
				},
				{
					"cast_id": 1,
					"character": "Max Medici",
					"credit_id": "58c28efdc3a36842c600e579",
					"gender": 2,
					"id": 518,
					"name": "Danny DeVito",
					"order": 2,
					"profile_path": "/zKuyzmKzPLG7RJo7lbbHjx6CCZc.jpg"
				},
				{
					"cast_id": 2,
					"character": "Colette Marchant",
					"credit_id": "58c28f0b925141051200e5a2",
					"gender": 1,
					"id": 10912,
					"name": "Eva Green",
					"order": 3,
					"profile_path": "/wqK0BhMuNBvDqIg1bwT9RhYMy6L.jpg"
				},
				{
					"cast_id": 21,
					"character": "Joe Farrier",
					"credit_id": "5b21c7aac3a36813b300f800",
					"gender": 2,
					"id": 2064125,
					"name": "Finley Hobbins",
					"order": 4,
					"profile_path": "/Ta2SggDtsw3jBnan0Jolz8Kyzz.jpg"
				}
			],
			"director": 510,
			"like_users": [],
			"poster_path": "https://image.tmdb.org/t/p/w600_and_h900_bestv2//ffiqLwHHHRKXs6cXKj0278qPi8H.jpg"
		}
	},
	{
		"model": "movies.movie",
		"pk": 283995,
		"fields": {
			"adult": false,
			"original_language": "en",
			"original_title": "Guardians of the Galaxy Vol. 2",
			"overview": "타노스에 맞서 은하계를 구하고 최고의 해결사로 등극한 스타로드 일행. 하지만 소버린 행성의 여사제 아이샤(엘리자베스 데비키)를 돕던 중 옛버릇을 고치지 못하고 행성의 배터리를 훔쳤다가 소버린 종족에 쫓기는 신세가 된다. 그 과정에서 피터의 아버지 에고(커트 러셀)가 그들을 돕는다. 아픈 엄마와 어린 자신을 버리고 떠난 아버지에 대한 원망이 컸던 피터는 에고의 행성에서 아버지의 능력을 확인하곤 그 힘에 이끌린다. 하지만 가모라는 에고의 행성에서 이상한 기운을 감지한다. 한편 반란군에 의해 위기에 처한 욘두(마이클 루커)는 로켓과 그루트의 도움으로 목숨을 구한다.",
			"release_date": "2017-04-19",
			"revenue": 863756051,
			"runtime": 136,
			"tagline": "가장 쿨하고 멋진 마블 히어로가 온다!",
			"title": "가디언즈 오브 갤럭시 Vol. 2",
			"genres": [
				28,
				12,
				35,
				878
			],
			"casts": [
				73457,
				8691,
				543530,
				12835,
				51329
			],
			"role_data": [
				{
					"cast_id": 3,
					"character": "Peter Quill / Star-Lord",
					"credit_id": "53dd76ba0e0a265a930008e7",
					"gender": 2,
					"id": 73457,
					"name": "Chris Pratt",
					"order": 0,
					"profile_path": "/gXKyT1YU5RWWPaE1je3ht58eUZr.jpg"
				},
				{
					"cast_id": 4,
					"character": "Gamora",
					"credit_id": "5526165c92514171b4001031",
					"gender": 1,
					"id": 8691,
					"name": "Zoe Saldana",
					"order": 1,
					"profile_path": "/ofNrWiA2KDdqiNxFTLp51HcXUlp.jpg"
				},
				{
					"cast_id": 5,
					"character": "Drax the Destroyer",
					"credit_id": "5526167ec3a36857ae0012fd",
					"gender": 2,
					"id": 543530,
					"name": "Dave Bautista",
					"order": 2,
					"profile_path": "/uwPQIsUdI4lEsrtqPqEgqeIpRo9.jpg"
				},
				{
					"cast_id": 7,
					"character": "Baby Groot (voice)",
					"credit_id": "552616ab9251417248003723",
					"gender": 2,
					"id": 12835,
					"name": "Vin Diesel",
					"order": 3,
					"profile_path": "/7rwSXluNWZAluYMOEWBxkPmckES.jpg"
				},
				{
					"cast_id": 6,
					"character": "Rocket (voice)",
					"credit_id": "55261691925141724800371e",
					"gender": 2,
					"id": 51329,
					"name": "Bradley Cooper",
					"order": 4,
					"profile_path": "/w2iNEYKNuWzGfGzISeh4P6IiR4U.jpg"
				}
			],
			"director": 15218,
			"like_users": [],
			"poster_path": "https://image.tmdb.org/t/p/w600_and_h900_bestv2//uDuwGhQgffd5GQ695oUfy5oZGqP.jpg"
		}
	},
	{
		"model": "movies.movie",
		"pk": 480414,
		"fields": {
			"adult": false,
			"original_language": "en",
			"original_title": "The Curse of La Llorona",
			"overview": "1973년, 애나는 남편 없이 두 아이와 살고 있다. 사회복지사인 애나가 담당하던 한 여인의 아이들이 불의의 사고로 목숨을 잃자, 그녀는 이것이 ‘요로나’의 짓이라면서 애나에게도 똑같은 저주가 내릴 것이라 예언한다. 어느 날부터인가 울음소리를 들려오고 의문의 존재가 아이들을 위협하는데...",
			"release_date": "2019-04-17",
			"revenue": 0,
			"runtime": 93,
			"tagline": "들리니, 밤마다 우는 ‘요로나’의 울음소리?",
			"title": "요로나의 저주",
			"genres": [
				53,
				27,
				9648
			],
			"casts": [
				1817,
				58650,
				1538713,
				18920,
				11868
			],
			"role_data": [
				{
					"cast_id": 0,
					"character": "Anna Tate-Garcia",
					"credit_id": "59dc2f62c3a368620d05e7e3",
					"gender": 1,
					"id": 1817,
					"name": "Linda Cardellini",
					"order": 0,
					"profile_path": "/iwmPwZARlFIKOqwEVuYIgPOc4WX.jpg"
				},
				{
					"cast_id": 20,
					"character": "Rafael Olvera",
					"credit_id": "5c8eadf60e0a2612f156eda4",
					"gender": 2,
					"id": 58650,
					"name": "Raymond Cruz",
					"order": 1,
					"profile_path": "/4k0r3xJjgTac5GiJoHDDBVAFYcj.jpg"
				},
				{
					"cast_id": 21,
					"character": "La Llorona",
					"credit_id": "5c8eae33c3a36861194ca2ca",
					"gender": 1,
					"id": 1538713,
					"name": "Marisol Ramirez",
					"order": 2,
					"profile_path": "/g3Lkpea4srJdBLxofaWpzIVU6Eo.jpg"
				},
				{
					"cast_id": 7,
					"character": "Patricia Alvarez",
					"credit_id": "5a497f260e0a262dc800605b",
					"gender": 1,
					"id": 18920,
					"name": "Patricia Velásquez",
					"order": 3,
					"profile_path": "/dRD0tYxrtxPZ11mJCN0O3nLd1Mx.jpg"
				},
				{
					"cast_id": 9,
					"character": "Detective Cooper",
					"credit_id": "5a497ff30e0a262dbb005fe7",
					"gender": 2,
					"id": 11868,
					"name": "Sean Patrick Thomas",
					"order": 4,
					"profile_path": "/AoRsY430MigMRDm9R8jgDo1JrMo.jpg"
				}
			],
			"director": 1607672,
			"like_users": [],
			"poster_path": "https://image.tmdb.org/t/p/w600_and_h900_bestv2//8kllbCOM38idMWXzsk6mMzpbcsC.jpg"
		}
	},
	{
		"model": "movies.movie",
		"pk": 118340,
		"fields": {
			"adult": false,
			"original_language": "en",
			"original_title": "Guardians of the Galaxy",
			"overview": "자칭 전설의 무법자 스타로드, 그러나 현실은 우주를 떠도는 그저그런 좀도둑에 불과한 피터 퀼(크리스 프랫)은 무엇인지도 모른 채 오브를 훔쳤다가 생고생의 길로 접어든다. 값나가는 유물인 줄 알았던 오브가 실은 어마어마한 힘을 지닌 인피니티 스톤이었던 것. 뜻하지 않게 갤럭시의 절대악 타노스와 로난의 타겟이 된 그는 감옥에서 만난 암살자 가모라(조 샐다나), 거구의 파이터 드랙스(데이브 바티스타), 현상금 사냥꾼 로켓(브래들리 쿠퍼)과 그루트(빈 디젤) 콤비와 불편한 동맹을 맺고 일명 가디언즈 오브 갤럭시를 결성하는데...",
			"release_date": "2014-07-30",
			"revenue": 773328629,
			"runtime": 122,
			"tagline": "새로운 히어로의 시작을 목격하라",
			"title": "가디언즈 오브 갤럭시",
			"genres": [
				28,
				878,
				12
			],
			"casts": [
				73457,
				8691,
				543530,
				12835,
				51329
			],
			"role_data": [
				{
					"cast_id": 1,
					"character": "Peter Quill / Star-Lord",
					"credit_id": "52fe4bd5c3a36847f8215d01",
					"gender": 2,
					"id": 73457,
					"name": "Chris Pratt",
					"order": 0,
					"profile_path": "/gXKyT1YU5RWWPaE1je3ht58eUZr.jpg"
				},
				{
					"cast_id": 10,
					"character": "Gamora",
					"credit_id": "52fe4bd5c3a36847f8215d2d",
					"gender": 1,
					"id": 8691,
					"name": "Zoe Saldana",
					"order": 1,
					"profile_path": "/ofNrWiA2KDdqiNxFTLp51HcXUlp.jpg"
				},
				{
					"cast_id": 2,
					"character": "Drax the Destroyer",
					"credit_id": "52fe4bd5c3a36847f8215d05",
					"gender": 2,
					"id": 543530,
					"name": "Dave Bautista",
					"order": 2,
					"profile_path": "/uwPQIsUdI4lEsrtqPqEgqeIpRo9.jpg"
				},
				{
					"cast_id": 21,
					"character": "Groot (voice)",
					"credit_id": "52fe4bd5c3a36847f8215d5b",
					"gender": 2,
					"id": 12835,
					"name": "Vin Diesel",
					"order": 3,
					"profile_path": "/7rwSXluNWZAluYMOEWBxkPmckES.jpg"
				},
				{
					"cast_id": 23,
					"character": "Rocket (voice)",
					"credit_id": "52fe4bd5c3a36847f8215d5f",
					"gender": 2,
					"id": 51329,
					"name": "Bradley Cooper",
					"order": 4,
					"profile_path": "/w2iNEYKNuWzGfGzISeh4P6IiR4U.jpg"
				}
			],
			"director": 15218,
			"like_users": [],
			"poster_path": "https://image.tmdb.org/t/p/w600_and_h900_bestv2//tJMnQZMNSPFmC6m7hlIYRZZXJti.jpg"
		}
	},
	{
		"model": "movies.movie",
		"pk": 324857,
		"fields": {
			"adult": false,
			"original_language": "en",
			"original_title": "Spider-Man: Into the Spider-Verse",
			"overview": "평범한 10대 마일스 모랄레스는 우연히 방사능 거미에 물려 스파이더맨 능력을 가지게 된다. 혼란스러워하던 마일스는 악당과 싸우고 있는 피터 파커를 마주치게 되고 피터 파커는 마일스가 자신과 같은 능력을 가지고 있음을 직감한다. 여러 개의 평행세계가 존재한다는 것을 알게 된 마일스와 피터 파커는 이후 스파이더우먼 스파이더 그웬, 스파이더맨 누아르, 스파이더햄 등 평행세계 속 공존하는 모든 스파이더맨들을 만나게 되는데... 하나의 유니버스에서 만나 팀을 결성한 스파이더맨들은 과연 세계를 구할 수 있을까?",
			"release_date": "2018-12-07",
			"revenue": 374130437,
			"runtime": 117,
			"tagline": "새로운 스파이더맨 평행세계의 시작",
			"title": "스파이더맨: 뉴 유니버스",
			"genres": [
				28,
				12,
				16,
				878,
				35
			],
			"casts": [
				587506,
				543505,
				130640,
				932967,
				226366
			],
			"role_data": [
				{
					"cast_id": 16,
					"character": "Miles Morales / Spider-Man (voice)",
					"credit_id": "59125a1dc3a36864d404c94c",
					"gender": 2,
					"id": 587506,
					"name": "Shameik Moore",
					"order": 0,
					"profile_path": "/1BpRfV7Ip53O5WNXwftgsbmnQ7x.jpg"
				},
				{
					"cast_id": 28,
					"character": "Peter B. Parker / Spider-Man (voice)",
					"credit_id": "5ae66a5b9251410cec003d8b",
					"gender": 2,
					"id": 543505,
					"name": "Jake Johnson",
					"order": 1,
					"profile_path": "/7X6pb4SDs9RoXi5gI4Nl8ZiPO4l.jpg"
				},
				{
					"cast_id": 29,
					"character": "Gwen Stacy / Spider-Woman (voice)",
					"credit_id": "5b1817d592514170c2001972",
					"gender": 1,
					"id": 130640,
					"name": "Hailee Steinfeld",
					"order": 2,
					"profile_path": "/ec84nQSQYfrfgale6Nw1YxENxg.jpg"
				},
				{
					"cast_id": 18,
					"character": "Aaron Davis / Prowler (voice)",
					"credit_id": "5a2bda7d925141032913ed45",
					"gender": 2,
					"id": 932967,
					"name": "Mahershala Ali",
					"order": 3,
					"profile_path": "/y9mf12rlZBlVJS6JYuCPpjTaLT6.jpg"
				},
				{
					"cast_id": 19,
					"character": "Jefferson Davis (voice)",
					"credit_id": "5a2bdab1c3a3680b961381f9",
					"gender": 2,
					"id": 226366,
					"name": "Brian Tyree Henry",
					"order": 4,
					"profile_path": "/1h4sYFAc1inxcV0Ljrl5v2mMskI.jpg"
				}
			],
			"director": 936670,
			"like_users": [],
			"poster_path": "https://image.tmdb.org/t/p/w600_and_h900_bestv2//vnWgIIEWAvWKOI65tm6h6VRbyY8.jpg"
		}
	},
	{
		"model": "movies.movie",
		"pk": 532671,
		"fields": {
			"adult": false,
			"original_language": "en",
			"original_title": "The Prodigy",
			"overview": "아기때부터 천재적인 지능을 보이며 엄마 ‘새라’를 흡족하게 하던 완벽한 소년 ‘마일스’.  영재교육을 받는 8살이 된 ‘마일스’는 점점 폭력적이고 손에 집착하는 이상 행동을 하며 무서운 소년으로 변해간다. 혹시 살인본능? 아니면 사이코패스? ‘마일스’의 증상을 걱정하던 ‘새라’는 한 의사를 통해 퇴행 최면을 받게 하고, 아들이 과거 끔찍한 일을 저지른 사람에게 빙의 됐다는 사실을 알게 된다.",
			"release_date": "2019-02-06",
			"revenue": 14856291,
			"runtime": 92,
			"tagline": "3…2…1. 딸깍 딸깍 넌 지금 이 몸에 들어오기 이전으로 돌아간다.",
			"title": "프로디지",
			"genres": [
				27,
				53
			],
			"casts": [
				221809,
				1649803,
				10132,
				943913,
				212772
			],
			"role_data": [
				{
					"cast_id": 1,
					"character": "Sarah Blume",
					"credit_id": "5b354345c3a368532c0286e9",
					"gender": 1,
					"id": 221809,
					"name": "Taylor Schilling",
					"order": 0,
					"profile_path": "/eTC6YEW9kx508bIEzgxFKDE64X6.jpg"
				},
				{
					"cast_id": 2,
					"character": "Miles Blume",
					"credit_id": "5b35434d9251413c8e02446e",
					"gender": 2,
					"id": 1649803,
					"name": "Jackson Robert Scott",
					"order": 1,
					"profile_path": "/g8GuQLVz2tVjGh5keZzz48f67HJ.jpg"
				},
				{
					"cast_id": 6,
					"character": "Arthur Jacobson",
					"credit_id": "5bcd9af3c3a368286a022374",
					"gender": 2,
					"id": 10132,
					"name": "Colm Feore",
					"order": 2,
					"profile_path": "/fPvdWLQYeQkQmQyd2AnBk43Silr.jpg"
				},
				{
					"cast_id": 3,
					"character": "Margaret St. James",
					"credit_id": "5b3543680e0a264016026449",
					"gender": 1,
					"id": 943913,
					"name": "Brittany Allen",
					"order": 3,
					"profile_path": "/2Ij3Jc6KR4OFrtCqawaoHvBNe69.jpg"
				},
				{
					"cast_id": 19,
					"character": "John Blume",
					"credit_id": "5bcddcb40e0a26015f024a25",
					"gender": 2,
					"id": 212772,
					"name": "Peter Mooney",
					"order": 4,
					"profile_path": "/6OYbbkPQz18DZAgRql4aZhn1o2z.jpg"
				}
			],
			"director": 150630,
			"like_users": [],
			"poster_path": "https://image.tmdb.org/t/p/w600_and_h900_bestv2//wYKMKjuygREXTfcgsmYD0mBymNh.jpg"
		}
	},
	{
		"model": "movies.movie",
		"pk": 284053,
		"fields": {
			"adult": false,
			"original_language": "en",
			"original_title": "Thor: Ragnarok",
			"overview": "은하계를 탐험하던 토르는 오딘의 오랜 숙적 수르트와의 대결에서 승리하는데, 수르트는 라그나로크가 이미 시작됐고, 막을 수 없을 것이라는 의미심장한 말을 남긴다. 한편 오딘의 힘이 약해지며 그가 봉인했던 죽음의 여신 헬라가 나타난다. 오딘의 첫째딸인 그녀는 두 동생, 토르와 로키를 가볍게 제압하고 아스가르드를 정복한다. 헬라와의 전쟁에서 묠니르를 잃고 사카아르라는 미지의 행성에 불시착한 토르는 아스가르드 행성으로 돌아가기 위해 고군분투한다. 행성의 통치자 그랜드 마스터는 행성 최고의 투사 챔피언과 싸워 이기면 행성을 떠나게 해주겠다고 토르에게 제안한다.",
			"release_date": "2017-10-25",
			"revenue": 853977126,
			"runtime": 130,
			"tagline": "피할 수 없는 세상의 멸망, 라그나로크를 막아라",
			"title": "토르: 라그나로크",
			"genres": [
				28,
				12,
				35,
				14
			],
			"casts": [
				74568,
				91606,
				112,
				17605,
				4785
			],
			"role_data": [
				{
					"cast_id": 0,
					"character": "Thor Odinson",
					"credit_id": "545d46a80e0a261fb3004e81",
					"gender": 2,
					"id": 74568,
					"name": "Chris Hemsworth",
					"order": 0,
					"profile_path": "/lrhth7yK9p3vy6p7AabDUM1THKl.jpg"
				},
				{
					"cast_id": 1,
					"character": "Loki",
					"credit_id": "545d46c7c3a3686cbb00002d",
					"gender": 2,
					"id": 91606,
					"name": "Tom Hiddleston",
					"order": 1,
					"profile_path": "/qB1lHPFBPIzw6I7EvsciZ5wyUNS.jpg"
				},
				{
					"cast_id": 11,
					"character": "Hela",
					"credit_id": "570bf50e92514179e6000026",
					"gender": 1,
					"id": 112,
					"name": "Cate Blanchett",
					"order": 2,
					"profile_path": "/1Rd567YFdGfkJjSlhNPR8joYkaX.jpg"
				},
				{
					"cast_id": 9,
					"character": "Heimdall",
					"credit_id": "562f1ec4c3a3681b6100d214",
					"gender": 2,
					"id": 17605,
					"name": "Idris Elba",
					"order": 3,
					"profile_path": "/be1bVF7qGX91a6c5WeRPs5pKXln.jpg"
				},
				{
					"cast_id": 13,
					"character": "En Dwi Gast / Grandmaster",
					"credit_id": "573fbb7dc3a36808ac000f36",
					"gender": 2,
					"id": 4785,
					"name": "Jeff Goldblum",
					"order": 4,
					"profile_path": "/m8p62pvkVtPxkfAIJhb5AgGw8kA.jpg"
				}
			],
			"director": 55934,
			"like_users": [],
			"poster_path": "https://image.tmdb.org/t/p/w600_and_h900_bestv2//jwswXltzpGaKZCtz1CiDjXHQYAs.jpg"
		}
	},
	{
		"model": "movies.movie",
		"pk": 531309,
		"fields": {
			"adult": false,
			"original_language": "en",
			"original_title": "Brightburn",
			"overview": "어느 날, 간절히 아기를 원하던 부부에게 찾아온 다른 세계의 소년 ‘브랜든’. 부모의 보살핌 속에 평범하게 자라던 중 자신에게 숨겨진 강력한 힘을 깨닫게 되면서 인류를 위협할 사악한 본성을 드러내기 시작하는데…",
			"release_date": "2019-05-10",
			"revenue": 0,
			"runtime": 90,
			"tagline": "두려워하라",
			"title": "더 보이",
			"genres": [
				27,
				878,
				18,
				53
			],
			"casts": [
				9281,
				62562,
				449513,
				191202,
				87165
			],
			"role_data": [
				{
					"cast_id": 4,
					"character": "Tori Breyer",
					"credit_id": "5b2ac6790e0a26480a00187a",
					"gender": 1,
					"id": 9281,
					"name": "Elizabeth Banks",
					"order": 1,
					"profile_path": "/t6sfUzvQkMZu3wh4LMNBFxEmiDy.jpg"
				},
				{
					"cast_id": 5,
					"character": "Mr. Breyer",
					"credit_id": "5b2ac6800e0a26482200185f",
					"gender": 2,
					"id": 62562,
					"name": "David Denman",
					"order": 2,
					"profile_path": "/7fjnNnXLDOYRlDlCVOuVb7hiF7h.jpg"
				},
				{
					"cast_id": 6,
					"character": "",
					"credit_id": "5b2ac69b925141709d001731",
					"gender": 1,
					"id": 449513,
					"name": "Meredith Hagner",
					"order": 3,
					"profile_path": "/MjcS9K1xI3oyejZS0DVW7iV2CV.jpg"
				},
				{
					"cast_id": 7,
					"character": "",
					"credit_id": "5b2ac6ae0e0a2648200018d0",
					"gender": 2,
					"id": 191202,
					"name": "Matt Jones",
					"order": 4,
					"profile_path": "/2lNxOvmJbu07eK8B3AZsPnNP8wa.jpg"
				},
				{
					"cast_id": 8,
					"character": "",
					"credit_id": "5b2ac6b6925141707d0017bf",
					"gender": 1,
					"id": 87165,
					"name": "Jennifer Holland",
					"order": 5,
					"profile_path": "/xMKumMcwi2UEEu47QisQDEY55RK.jpg"
				}
			],
			"director": 1362815,
			"like_users": [],
			"poster_path": "https://image.tmdb.org/t/p/w600_and_h900_bestv2//eTEXcHiEk6r10HD2015xNYLUWYu.jpg"
		}
	},
	{
		"model": "movies.movie",
		"pk": 485811,
		"fields": {
			"adult": false,
			"original_language": "en",
			"original_title": "Redcon-1",
			"overview": "좀비 바이러스가 런던의 한 교도소로부터 퍼진 이후 살아남은 사람들은 남쪽 장벽 안에 피신 중이다. 점점 좀비들의 전투 능력이 향상되는 가운데 장벽이 무너지는 것은 시간 문제일 뿐. 이 와중에 좀비 사태를 해결할 과학자가 런던에 생존하고 있다는 것을 알게 되고 이 사람을 구하기 위해 8명의 특공대가 파견된다. 주어진 시간은 72시간... 이들의 임무는 성공할 수 있을 것인가?",
			"release_date": "2018-09-28",
			"revenue": 0,
			"runtime": 117,
			"tagline": "",
			"title": "레드콘 1",
			"genres": [
				28,
				27
			],
			"casts": [
				80473,
				20498,
				81671,
				1336756,
				1510237
			],
			"role_data": [
				{
					"cast_id": 0,
					"character": "Captain Marcus Stanton",
					"credit_id": "5a026833c3a368636c0083ec",
					"gender": 2,
					"id": 80473,
					"name": "Oris Erhuero",
					"order": 0,
					"profile_path": "/shMGVWLtsQpdfHg3XRNiC5kACuT.jpg"
				},
				{
					"cast_id": 13,
					"character": "Sergeant Frederick Reeves",
					"credit_id": "5bb3fe949251417805002338",
					"gender": 2,
					"id": 20498,
					"name": "Carlos Gallardo",
					"order": 1,
					"profile_path": "/sW2n8SICpA4mHFBR29ZUbzfD3lX.jpg"
				},
				{
					"cast_id": 1,
					"character": "Lieutenant Frank Perez",
					"credit_id": "5a0763bd9251414bd2002b7f",
					"gender": 2,
					"id": 81671,
					"name": "Mark Strange",
					"order": 2,
					"profile_path": "/8bUuUPm52RBfFvM89HDpe84KpK0.jpg"
				},
				{
					"cast_id": 16,
					"character": "Private Perry Bernstein",
					"credit_id": "5bcb7303925141559a00228c",
					"gender": 0,
					"id": 1336756,
					"name": "Joshua Dickinson",
					"order": 3,
					"profile_path": "/c7PMjZpCJD75Hq72zp25tpgPlfJ.jpg"
				},
				{
					"cast_id": 15,
					"character": "Corporal Jacob Gallagher",
					"credit_id": "5bcb72f8c3a3682396002461",
					"gender": 0,
					"id": 1510237,
					"name": "Martyn Ford",
					"order": 4,
					"profile_path": "/npaATYBpEvQ1WlZgVOUP4DvOSgj.jpg"
				}
			],
			"director": 231084,
			"like_users": [],
			"poster_path": "https://image.tmdb.org/t/p/w600_and_h900_bestv2//jOYUbe61DQiY628inVkR1KERS30.jpg"
		}
	},
	{
		"model": "movies.movie",
		"pk": 457799,
		"fields": {
			"adult": false,
			"original_language": "en",
			"original_title": "Extremely Wicked, Shockingly Evil and Vile",
			"overview": "잔인한 연쇄살인범 테드 번디를 새로운 시선으로 바라본다. 수년간 번디가 무고하다 믿었던 그의 오랜 연인 리즈. 그녀의 눈에 비친 번디는 어떤 남자였을까.",
			"release_date": "2019-05-02",
			"revenue": 0,
			"runtime": 111,
			"tagline": "",
			"title": "나는 악마를 사랑했다",
			"genres": [
				53,
				80,
				18,
				36
			],
			"casts": [
				29222,
				112561,
				115150,
				6949,
				5374
			],
			"role_data": [
				{
					"cast_id": 0,
					"character": "Ted Bundy",
					"credit_id": "591a49adc3a36842c1063634",
					"gender": 2,
					"id": 29222,
					"name": "Zac Efron",
					"order": 0,
					"profile_path": "/guNQz8J5NFsBrUS8JwXVoB8yvCE.jpg"
				},
				{
					"cast_id": 3,
					"character": "Liz Kendall",
					"credit_id": "5a0c77259251414dd3014421",
					"gender": 1,
					"id": 112561,
					"name": "Lily Collins",
					"order": 1,
					"profile_path": "/4r1hQi2h41jyV27QNqfGyVFX755.jpg"
				},
				{
					"cast_id": 5,
					"character": "Carole Anne Boone",
					"credit_id": "5a6f7f810e0a267966004793",
					"gender": 1,
					"id": 115150,
					"name": "Kaya Scodelario",
					"order": 2,
					"profile_path": "/uVp7VarM5GX08hfCEGt63OM5c5c.jpg"
				},
				{
					"cast_id": 4,
					"character": "Judge Edward Cowart",
					"credit_id": "5a586d5a0e0a2634ed005bf2",
					"gender": 2,
					"id": 6949,
					"name": "John Malkovich",
					"order": 3,
					"profile_path": "/tCtiWZbKKRgHhLxFCIPfveYAsdc.jpg"
				},
				{
					"cast_id": 12,
					"character": "Larry Simpson",
					"credit_id": "5ae9143f0e0a263963001505",
					"gender": 2,
					"id": 5374,
					"name": "Jim Parsons",
					"order": 4,
					"profile_path": "/3EdsBXcwZFX2Txjl4uLhLgTU8SK.jpg"
				}
			],
			"director": 69237,
			"like_users": [],
			"poster_path": "https://image.tmdb.org/t/p/w600_and_h900_bestv2//3S9hjxjPePMGUjNRwnA4MrQxJFX.jpg"
		}
	},
	{
		"model": "movies.movie",
		"pk": 263115,
		"fields": {
			"adult": false,
			"original_language": "en",
			"original_title": "Logan",
			"overview": "2029년 알 수 없는 이유로 돌연변이들이 태어나지 않는 미래, 더이상 엑스맨은 없다. 갈수록 재생력이 약해져 늙고 수척해진 로건(휴 잭맨)은 멕시코 국경지대 은신처에 찰스 교수(패트릭 스튜어트)를 보호 중이다. 뇌에 심각한 손상을 입은 찰스 교수는 과거를 제대로 기억하지 못하는 데다 간헐적으로 주변을 위협하는 발작까지 일으킨다. 찰스 교수와 함께 떠날 배를 사기 위해 리무진 기사로 일하며 돈을 모으는 로건. 어느 날 낯선 여인이 찾아와 돌연변이 소녀 로라(다프네 킨)를 캐나다 국경까지 데려다 달라고 부탁한다. 로건은 로라를 쫓는 기업의 경호집단을 피해 험난한 여정을 떠난다.",
			"release_date": "2017-02-28",
			"revenue": 616801808,
			"runtime": 137,
			"tagline": "모든 것을 걸고 지키고 싶은 소녀를 만났다",
			"title": "로건",
			"genres": [
				28,
				18,
				878
			],
			"casts": [
				6968,
				2387,
				1464650,
				467645,
				39189
			],
			"role_data": [
				{
					"cast_id": 0,
					"character": "Logan Howlett / Wolverine / X-24",
					"credit_id": "533fea800e0a2636220013dd",
					"gender": 2,
					"id": 6968,
					"name": "Hugh Jackman",
					"order": 0,
					"profile_path": "/5UmnhLVAMl4r7Pcded0MtOeoygA.jpg"
				},
				{
					"cast_id": 4,
					"character": "Charles Xavier / Professor X",
					"credit_id": "54db4049c3a368122a0017f4",
					"gender": 2,
					"id": 2387,
					"name": "Patrick Stewart",
					"order": 1,
					"profile_path": "/wEy5qSDT5jT3ZASc2hbwi59voPL.jpg"
				},
				{
					"cast_id": 35,
					"character": "Laura Kinney / X-23",
					"credit_id": "581aeffcc3a3683e26001df3",
					"gender": 1,
					"id": 1464650,
					"name": "Dafne Keen",
					"order": 2,
					"profile_path": "/vohccdHmJHNZX9UIcRlmZ4Qwkj.jpg"
				},
				{
					"cast_id": 6,
					"character": "Donald Pierce",
					"credit_id": "5708a1859251410a4b001894",
					"gender": 2,
					"id": 467645,
					"name": "Boyd Holbrook",
					"order": 3,
					"profile_path": "/531YOKa2usleWCA55t6Db4MZhT3.jpg"
				},
				{
					"cast_id": 7,
					"character": "Caliban",
					"credit_id": "57216d1ec3a3681eda000da9",
					"gender": 2,
					"id": 39189,
					"name": "Stephen Merchant",
					"order": 4,
					"profile_path": "/A70Gtg3kkTeCBgtFkSRPu9qfPQu.jpg"
				}
			],
			"director": 366,
			"like_users": [],
			"poster_path": "https://image.tmdb.org/t/p/w600_and_h900_bestv2//rja1gdkI1yD4srW0ZvLRPwIbAt8.jpg"
		}
	},
	{
		"model": "movies.movie",
		"pk": 522681,
		"fields": {
			"adult": false,
			"original_language": "en",
			"original_title": "Escape Room",
			"overview": "거액의 상금이 걸린 방탈출 게임에 초대된 6명의 사람들. 성별, 연령, 출신도 모두 다른 이들은 오직 초대장만을 가지고 세계 최고의 방탈출 게임 회사 ‘미노스’에 모인다. 하지만 초대자는 나타나지 않고, 예고도 없이 시작되는 게임. 불태워 죽일 듯이 순식간에 방안의 온도가 상승하고 6명의 참가자는 탈출하기 위해 단서를 찾기 시작한다. 죽음의 공포 속에서 아슬아슬하게 다음 방으로 넘어간 참가자들은 오븐 룸, 아이스 룸, 업사이드다운 룸, 포이즌 룸, 일루전 룸, 크러쉬 룸을 거치며 이것이 평범한 게임이 아니란 걸 알게 되는데…",
			"release_date": "2019-01-03",
			"revenue": 151886836,
			"runtime": 99,
			"tagline": "오감 공포를 자극하는 6개 죽음의 방! 출구 없는 방탈출 게임이 시작된다!",
			"title": "이스케이프 룸",
			"genres": [
				53,
				28,
				27,
				878
			],
			"casts": [
				1353827,
				116088,
				151680,
				51383,
				212154
			],
			"role_data": [
				{
					"cast_id": 18,
					"character": "Zoey Davis",
					"credit_id": "5b3c7655c3a368594a007ea4",
					"gender": 1,
					"id": 1353827,
					"name": "Taylor Russell",
					"order": 0,
					"profile_path": "/3Xy9a4KHTJOLxeMao7XSnfrTEmO.jpg"
				},
				{
					"cast_id": 4,
					"character": "Ben Miller",
					"credit_id": "5aef4e4c9251417683008d29",
					"gender": 2,
					"id": 116088,
					"name": "Logan Miller",
					"order": 1,
					"profile_path": "/4KGktClGusmqFr1b193Fair5rlK.jpg"
				},
				{
					"cast_id": 5,
					"character": "Jason Walker",
					"credit_id": "5aef4e530e0a261d9d008763",
					"gender": 2,
					"id": 151680,
					"name": "Jay Ellis",
					"order": 2,
					"profile_path": "/eDYVPsg38nh1BlQIFZU2sUxXmzC.jpg"
				},
				{
					"cast_id": 3,
					"character": "Mike Nolan",
					"credit_id": "5aef4e460e0a261d9d008757",
					"gender": 2,
					"id": 51383,
					"name": "Tyler Labine",
					"order": 3,
					"profile_path": "/rRc5H2pMFh3dlqs68xLbnthj3DS.jpg"
				},
				{
					"cast_id": 2,
					"character": "Amanda Harper",
					"credit_id": "5aef4e3e0e0a261d74007e5c",
					"gender": 1,
					"id": 212154,
					"name": "Deborah Ann Woll",
					"order": 4,
					"profile_path": "/inTiyJqbqAlj10Hz545WyZkHRjy.jpg"
				}
			],
			"director": 1306608,
			"like_users": [],
			"poster_path": "https://image.tmdb.org/t/p/w600_and_h900_bestv2//cblZ470f8YuXug9heP9xCWBkz7k.jpg"
		}
	},
	{
		"model": "movies.movie",
		"pk": 363088,
		"fields": {
			"adult": false,
			"original_language": "en",
			"original_title": "Ant-Man and the Wasp",
			"overview": "캡틴 아메리카의 요청으로 독일까지 가서 아이언맨 일행과 싸우고 돌아온 스콧(폴 러드)은 어느 날 이상한 꿈을 꾼다. 그가 행크 핌 박사(마이클 더글러스)와 호프(에반젤린 릴리)에게 꿈 이야기를 들려주자, 호프는 미지의 양자 영역에 갇혀버린 엄마 재닛(미셸 파이퍼)의 메시지라는 것을 확신하게 된다. 행크 핌 박사는 자신의 비밀 연구소에서 그동안 개발해왔던 양자 터널과 탐색기를 이용해 1대 와스프 재닛의 구출작전을 펼치려 하지만, 시공간의 개념이 사라진 양자 영역으로 들어갈 수 있는 기술을 훔쳐 달아난 고스트 고스트(해나 존 케이먼)가 나타나면서 일이 꼬여간다.",
			"release_date": "2018-07-04",
			"revenue": 622379576,
			"runtime": 118,
			"tagline": "진정한 영웅은 사이즈부터 다르다",
			"title": "앤트맨과 와스프",
			"genres": [
				28,
				12,
				878,
				35,
				10751
			],
			"casts": [
				22226,
				19034,
				454,
				27740,
				21127
			],
			"role_data": [
				{
					"cast_id": 0,
					"character": "Scott Lang / Ant-Man",
					"credit_id": "5616918ec3a368680b01f977",
					"gender": 2,
					"id": 22226,
					"name": "Paul Rudd",
					"order": 0,
					"profile_path": "/8eTtJ7XVXY0BnEeUaSiTAraTIXd.jpg"
				},
				{
					"cast_id": 1,
					"character": "Hope van Dyne / Wasp",
					"credit_id": "561691aac3a36818a10080c3",
					"gender": 1,
					"id": 19034,
					"name": "Evangeline Lilly",
					"order": 1,
					"profile_path": "/h8Lerr3D362n1jZvywtbvUzgBIN.jpg"
				},
				{
					"cast_id": 10,
					"character": "Luis",
					"credit_id": "57f499c49251411c6f001d46",
					"gender": 2,
					"id": 454,
					"name": "Michael Peña",
					"order": 2,
					"profile_path": "/oqlIKSglghuX7kSTalODn71nlOd.jpg"
				},
				{
					"cast_id": 31,
					"character": "Sonny Burch",
					"credit_id": "596e47bb9251412d860105c9",
					"gender": 2,
					"id": 27740,
					"name": "Walton Goggins",
					"order": 3,
					"profile_path": "/gA5nf2alzIPPjs1MSjS1PmrCedJ.jpg"
				},
				{
					"cast_id": 68,
					"character": "Paxton",
					"credit_id": "5ade1d7e0e0a264ba3001b55",
					"gender": 2,
					"id": 21127,
					"name": "Bobby Cannavale",
					"order": 4,
					"profile_path": "/o3xnmePoOUCw7sjoZ4xM4W5DL26.jpg"
				}
			],
			"director": 59026,
			"like_users": [],
			"poster_path": "https://image.tmdb.org/t/p/w600_and_h900_bestv2//3E6b73EeYqY7PGJNJWjR9AANXVw.jpg"
		}
	},
	{
		"model": "movies.movie",
		"pk": 458723,
		"fields": {
			"adult": false,
			"original_language": "en",
			"original_title": "Us",
			"overview": "애들레이드와 게이브 윌슨(루피타 뇽오와 윈스턴 듀크)은 아이들을 데리고 캘리포니아 북부에 있는 아들레이드의 오래된 해변가로 여름 휴가를 떠난다. 다음날 합류 한 타일러 가족(엘리자베스 모스와 팀 하이데커)과 함께 해변에서 하루를 보내지만, 애들레이드는 과거에 겪은 트라우마 증상이 심해지며 나쁜 일이 일어날 것이라는 공포에 시달린다. 밤이 되고 윌슨은 차도에 조용히 서있는 네명의 손을 맞잡은 뭔가를 보게 되는데...",
			"release_date": "2019-03-14",
			"revenue": 216581515,
			"runtime": 116,
			"tagline": "우리는 누구인가?",
			"title": "어스",
			"genres": [
				53,
				27
			],
			"casts": [
				1267329,
				1447932,
				2201802,
				1915962,
				32798
			],
			"role_data": [
				{
					"cast_id": 24,
					"character": "Adelaide Wilson / Red",
					"credit_id": "5c6d89ca925141250a103106",
					"gender": 1,
					"id": 1267329,
					"name": "Lupita Nyong'o",
					"order": 0,
					"profile_path": "/l8RXyGKcCqEagjEXOm8iUaQtKdW.jpg"
				},
				{
					"cast_id": 25,
					"character": "Gabriel \"Gabe\" Wilson / Abraham",
					"credit_id": "5c6d89f7c3a368745eedb162",
					"gender": 2,
					"id": 1447932,
					"name": "Winston Duke",
					"order": 1,
					"profile_path": "/MhBiZbryibwuoEtPL9Ns8pYHC1.jpg"
				},
				{
					"cast_id": 26,
					"character": "Jason Wilson / Pluto",
					"credit_id": "5c6d8a0cc3a36848f1e07486",
					"gender": 2,
					"id": 2201802,
					"name": "Evan Alex",
					"order": 2,
					"profile_path": "/ejfaMFSkCE9aWMns51ULyJjVXVx.jpg"
				},
				{
					"cast_id": 27,
					"character": "Zora Wilson / Umbrae",
					"credit_id": "5c6d8a1d92514120d504191c",
					"gender": 1,
					"id": 1915962,
					"name": "Shahadi Wright Joseph",
					"order": 3,
					"profile_path": "/czIRGtcbXty1oZp7GtRi2oMgHkC.jpg"
				},
				{
					"cast_id": 22,
					"character": "Kitty Tyler / Dahlia",
					"credit_id": "5c6d89b20e0a261e06a16b5a",
					"gender": 1,
					"id": 32798,
					"name": "Elisabeth Moss",
					"order": 4,
					"profile_path": "/whZCXHaSpZfCcho7VFwzum56uZt.jpg"
				}
			],
			"director": 291263,
			"like_users": [],
			"poster_path": "https://image.tmdb.org/t/p/w600_and_h900_bestv2//vfNBftZoXsUnNWccz8ew9h8Jicx.jpg"
		}
	},
	{
		"model": "movies.movie",
		"pk": 500682,
		"fields": {
			"adult": false,
			"original_language": "en",
			"original_title": "The Highwaymen",
			"overview": "미국 최악의 범죄자 커플 보니와 클라이드를 잡기 위해, FBI와 최신 과학수사 기법을 총동원하는 텍사스 주정부. 하지만 실패만 거듭하면서 전직 레인저 두 명(케빈 코스트너와 우디 해럴슨)이 소환된다. 젊은 경찰들의 조롱에도 불구하고, 오로지 본능과 경험에 의존하는 두 사람. 그들의 숨겨진 실화가 공개된다.",
			"release_date": "2019-03-15",
			"revenue": 0,
			"runtime": 133,
			"tagline": "악명 높은 범죄자들, 스타가 되다. 전설의 레인저들, 역사에 남다.",
			"title": "하이웨이맨",
			"genres": [
				80,
				18,
				53
			],
			"casts": [
				1269,
				57755,
				8534,
				3911,
				1142720
			],
			"role_data": [
				{
					"cast_id": 1,
					"character": "Frank Hamer",
					"credit_id": "5a6921499251414a280074de",
					"gender": 2,
					"id": 1269,
					"name": "Kevin Costner",
					"order": 0,
					"profile_path": "/ePo87kGyyY8JZ3z7Zm7Z2GYdmJ8.jpg"
				},
				{
					"cast_id": 0,
					"character": "Manny Gault",
					"credit_id": "5a6921359251414a2e00787f",
					"gender": 2,
					"id": 57755,
					"name": "Woody Harrelson",
					"order": 1,
					"profile_path": "/1ecdooAHICUhCZKKEKlFtccEmTU.jpg"
				},
				{
					"cast_id": 4,
					"character": "Ma Ferguson",
					"credit_id": "5bc6eb0392514136a9008bfa",
					"gender": 1,
					"id": 8534,
					"name": "Kathy Bates",
					"order": 2,
					"profile_path": "/yik6ccz1O2JelLJn3Fsx3EA8s1o.jpg"
				},
				{
					"cast_id": 5,
					"character": "Lee Simmons",
					"credit_id": "5bc6eb0f92514136c40083e7",
					"gender": 2,
					"id": 3911,
					"name": "John Carroll Lynch",
					"order": 3,
					"profile_path": "/5eEGOANKnCCj7FLa3oV28gGYWkW.jpg"
				},
				{
					"cast_id": 21,
					"character": "Deputy Ted Hinton",
					"credit_id": "5c86333fc3a36839d4d61bda",
					"gender": 2,
					"id": 1142720,
					"name": "Thomas Mann",
					"order": 4,
					"profile_path": "/9URrxF1AKqL8SxxOeAVHKBAlWEx.jpg"
				}
			],
			"director": 54040,
			"like_users": [],
			"poster_path": "https://image.tmdb.org/t/p/w600_and_h900_bestv2//4bRYg4l12yDuJvAfqvUOPnBrxno.jpg"
		}
	},
	{
		"model": "movies.movie",
		"pk": 390634,
		"fields": {
			"adult": false,
			"original_language": "ja",
			"original_title": "劇場版「Fate/stay night [Heaven's Feel] ⅠⅠ. lost butterfly」",
			"overview": "10년 만에 후유키시에서 시작된 [성배전쟁]은 이 전쟁의 3대 가문인 마토 가문의 당주 마토 조켄의 참전으로 인하여 일그러지고, 뒤틀리고, 어긋나 버렸다. 마스터로서 싸움에 가담한 에미야 시로도 부상을 입고 서번트인 세이버마저 잃어버렸지만, 그는 마토 사쿠라를 지키기 위해 싸움에서 물러나지 않는다. 하지만 그녀 또한 마술사의 숙명에 사로잡히는데...",
			"release_date": "2019-01-12",
			"revenue": 0,
			"runtime": 120,
			"tagline": "",
			"title": "페이트/스테이 나이트 [헤븐즈 필] 제2장 로스트 버터플라이",
			"genres": [
				16,
				28,
				14,
				12
			],
			"casts": [
				82056,
				114904,
				151183,
				230471,
				9721
			],
			"role_data": [
				{
					"cast_id": 2,
					"character": "Shirou Emiya",
					"credit_id": "56fc6ecbc3a368480c0005a5",
					"gender": 2,
					"id": 82056,
					"name": "Noriaki Sugiyama",
					"order": 0,
					"profile_path": "/70MMu2lU9mv6d89Sf6TcP5s4f44.jpg"
				},
				{
					"cast_id": 3,
					"character": "Sakura Matou",
					"credit_id": "56fc6edc9251415fa30004be",
					"gender": 0,
					"id": 114904,
					"name": "Noriko Shitaya",
					"order": 1,
					"profile_path": null
				},
				{
					"cast_id": 19,
					"character": "Saber",
					"credit_id": "5a0073ec925141470c0651ef",
					"gender": 1,
					"id": 151183,
					"name": "Ayako Kawasumi",
					"order": 2,
					"profile_path": "/oLRZFesi7epOAXzsjEL1TCUg58.jpg"
				},
				{
					"cast_id": 6,
					"character": "Rin Tohsaka",
					"credit_id": "56fc6f169251415f9a00050e",
					"gender": 1,
					"id": 230471,
					"name": "Kana Ueda",
					"order": 3,
					"profile_path": null
				},
				{
					"cast_id": 9,
					"character": "Archer",
					"credit_id": "56fc6f47c3a368480f00055d",
					"gender": 2,
					"id": 9721,
					"name": "Junichi Suwabe",
					"order": 4,
					"profile_path": "/4S7c3n3r07A83HvkLrnWZGVhiHg.jpg"
				}
			],
			"director": 1196401,
			"like_users": [],
			"poster_path": "https://image.tmdb.org/t/p/w600_and_h900_bestv2//jrwCvGKj2W2VkyMsyWKbzzx0kew.jpg"
		}
	},
	{
		"model": "movies.movie",
		"pk": 500852,
		"fields": {
			"adult": false,
			"original_language": "en",
			"original_title": "Miss Bala",
			"overview": "글로리아 푸엔테스(지나 로드리게스 분)는 로스앤젤레스 출신의 라틴 아메리카 메이크업 아티스트로, 가장 친한 친구 스즈(Suzu)를 만나러 멕시코 티후아나를 방문한다.  그들은 만남을 즐기기 위해 현지 나이트클럽에 함께 갔다가 멕시코 갱단과의 범죄에 연루된다.",
			"release_date": "2019-02-01",
			"revenue": 15200000,
			"runtime": 104,
			"tagline": "",
			"title": "미스 발라",
			"genres": [
				53,
				28,
				18
			],
			"casts": [
				180486,
				1100144,
				53650,
				1154835,
				1134883
			],
			"role_data": [
				{
					"cast_id": 2,
					"character": "Gloria",
					"credit_id": "5a6a23839251412265000d88",
					"gender": 1,
					"id": 180486,
					"name": "Gina Rodriguez",
					"order": 0,
					"profile_path": "/s1m3BmHGRaWQN5QJyZHHgdjqCQP.jpg"
				},
				{
					"cast_id": 4,
					"character": "Lino",
					"credit_id": "5a6a23a20e0a266f37000e8a",
					"gender": 2,
					"id": 1100144,
					"name": "Ismael Cruz Córdova",
					"order": 1,
					"profile_path": "/wqzBl1tMJzalcAhOfU21E5ZxCAu.jpg"
				},
				{
					"cast_id": 7,
					"character": "Jimmy",
					"credit_id": "5bc6c8a2c3a3683dff0061ba",
					"gender": 2,
					"id": 53650,
					"name": "Anthony Mackie",
					"order": 2,
					"profile_path": "/5VGGJ0Co8SC94iiedWb2o3C36T.jpg"
				},
				{
					"cast_id": 5,
					"character": "Suzu",
					"credit_id": "5a6a23af9251412258000daa",
					"gender": 1,
					"id": 1154835,
					"name": "Cristina Rodlo",
					"order": 3,
					"profile_path": "/aWM8LewWqXVy5jMcQfMgtIv5gad.jpg"
				},
				{
					"cast_id": 10,
					"character": "Isabel",
					"credit_id": "5ca15877c3a368734e852b2b",
					"gender": 1,
					"id": 1134883,
					"name": "Aislinn Derbez",
					"order": 4,
					"profile_path": "/y3aA1x3JpBOZHhZzTPBpDyhcra1.jpg"
				}
			],
			"director": 19850,
			"like_users": [],
			"poster_path": "https://image.tmdb.org/t/p/w600_and_h900_bestv2//wM9Kn0Q77N25q08x6oEkdpBo7LK.jpg"
		}
	},
	{
		"model": "movies.movie",
		"pk": 535167,
		"fields": {
			"adult": false,
			"original_language": "zh",
			"original_title": "The Wandering Earth",
			"overview": "​가까운 미래, 태양계 소멸 위기를 맞은 지구는 영하 70도의 이상 기후와 함께 목성과의 충돌이라는 대재앙에 직면한다. 그러자, 전 세계 연합정부는 지구 자체를 태양계 밖으로 이동시키기 위한 범우주적 인류이민계획을 세우는데…",
			"release_date": "2019-02-05",
			"revenue": 0,
			"runtime": 126,
			"tagline": "37시간 뒤, 모든 것이 사라진다. 대재앙에 맞서 지구를 옮겨라!",
			"title": "유랑지구",
			"genres": [
				878,
				28,
				18
			],
			"casts": [
				78871,
				2082186,
				2113005,
				565344,
				70437
			],
			"role_data": [
				{
					"cast_id": 5,
					"character": "Liu Peiqiang",
					"credit_id": "5b45769cc3a3684f04000275",
					"gender": 2,
					"id": 78871,
					"name": "Wu Jing",
					"order": 0,
					"profile_path": "/terFS9M2F8Gc46K4i057JRUK45N.jpg"
				},
				{
					"cast_id": 6,
					"character": "Liu Qi (Hu Kou)",
					"credit_id": "5b4576d5c3a3684f1c000214",
					"gender": 2,
					"id": 2082186,
					"name": "Qu Chuxiao",
					"order": 1,
					"profile_path": "/j9RsdySIy9ncTQJdvzgpnIFsA2E.jpg"
				},
				{
					"cast_id": 40,
					"character": "Han Duoduo",
					"credit_id": "5cbe1fb09251410671fa24a1",
					"gender": 1,
					"id": 2113005,
					"name": "Zhao Jinmai",
					"order": 2,
					"profile_path": "/ue8R9yeteWPAtm8n98vGMyzal6H.jpg"
				},
				{
					"cast_id": 4,
					"character": "Wang Lei",
					"credit_id": "5b45769192514168a2000202",
					"gender": 2,
					"id": 565344,
					"name": "Li Guangjie",
					"order": 3,
					"profile_path": "/khOq3Ps34KwMzNlGpiBryisFaIF.jpg"
				},
				{
					"cast_id": 7,
					"character": "Han Ziang",
					"credit_id": "5c54dfd1c3a3680b57845d57",
					"gender": 2,
					"id": 70437,
					"name": "Ng Man Tat",
					"order": 4,
					"profile_path": "/96P13UdhCIQafjgJVdA9C7oIQMc.jpg"
				}
			],
			"director": 1100748,
			"like_users": [],
			"poster_path": "https://image.tmdb.org/t/p/w600_and_h900_bestv2//yrCsTt8phrO3tYQy0Nwep3bjLKm.jpg"
		}
	},
	{
		"model": "movies.movie",
		"pk": 99861,
		"fields": {
			"adult": false,
			"original_language": "en",
			"original_title": "Avengers: Age of Ultron",
			"overview": "토니 스타크는 뉴욕전쟁 때와 같은 사태가 벌어지지 않도록 한때 가동하려다 중단된 휴면 상태의 평화 유지 프로그램을 작동 시키려 한다. 배너 박사와 함께 지구를 지킬 최강의 인공지능 울트론을 탄생시키게 되지만, 울트론은 예상과 다르게 지배를 벗어나 폭주하기 시작하고 어벤져스는 지구의 운명이 걸린 거대한 시험대에 오르게 된다. 울트론이 자신을 복제해 위협을 가하자 이를 저지하기 위해 아이언맨, 캡틴 아메리카, 토르, 헐크, 블랙위도우, 호크아이 등으로 구성된 어벤져스와 새로 합류하게 되는 퀵 실버, 스칼렛 위치 남매와 불안한 동맹을 맺는다.",
			"release_date": "2015-04-22",
			"revenue": 1405403694,
			"runtime": 141,
			"tagline": "기다림은 끝났다",
			"title": "어벤져스: 에이지 오브 울트론",
			"genres": [
				28,
				12,
				878
			],
			"casts": [
				3223,
				16828,
				74568,
				103,
				1245
			],
			"role_data": [
				{
					"cast_id": 76,
					"character": "Tony Stark / Iron Man",
					"credit_id": "55e256d292514162cd000e40",
					"gender": 2,
					"id": 3223,
					"name": "Robert Downey Jr.",
					"order": 0,
					"profile_path": "/1YjdSym1jTG7xjHSI0yGGWEsw5i.jpg"
				},
				{
					"cast_id": 12,
					"character": "Steve Rogers / Captain America",
					"credit_id": "52fe4a449251416c750e3465",
					"gender": 2,
					"id": 16828,
					"name": "Chris Evans",
					"order": 1,
					"profile_path": "/7dUkkq1lK593XvOjunlUB11lKm1.jpg"
				},
				{
					"cast_id": 8,
					"character": "Thor Odinson",
					"credit_id": "52fe4a449251416c750e3455",
					"gender": 2,
					"id": 74568,
					"name": "Chris Hemsworth",
					"order": 2,
					"profile_path": "/lrhth7yK9p3vy6p7AabDUM1THKl.jpg"
				},
				{
					"cast_id": 15,
					"character": "Bruce Banner / The Hulk",
					"credit_id": "52fe4a449251416c750e3471",
					"gender": 2,
					"id": 103,
					"name": "Mark Ruffalo",
					"order": 3,
					"profile_path": "/z3dvKqMNDQWk3QLxzumloQVR0pv.jpg"
				},
				{
					"cast_id": 10,
					"character": "Natasha Romanoff / Black Widow",
					"credit_id": "52fe4a449251416c750e345d",
					"gender": 1,
					"id": 1245,
					"name": "Scarlett Johansson",
					"order": 4,
					"profile_path": "/tHMgW7Pg0Fg6HmB8Kh8Ixk6yxZw.jpg"
				}
			],
			"director": 12891,
			"like_users": [],
			"poster_path": "https://image.tmdb.org/t/p/w600_and_h900_bestv2//dOz2bRZ8upRz8mOIu1RdSDzkV02.jpg"
		}
	},
	{
		"model": "movies.movie",
		"pk": 424783,
		"fields": {
			"adult": false,
			"original_language": "en",
			"original_title": "Bumblebee",
			"overview": "지속된 디셉티콘과의 전쟁에서 위기에 몰린 옵티머스 프라임은 중요한 임무를 가진 오토봇을 지구로 보낸다.  지구에 도착한 오토봇은 인간들에게 쫓기게 되고, 낡은 비틀로 변신해 폐차장에 은둔하던 중,  찰리라는 소녀에 의해 발견된다.  비틀을 수리하던 찰리는 자신의 낡은 자동차가 거대한 로봇으로 변신하는 놀라운 광경을 목격하고,  모든 기억이 사라진 그에게 ‘범블비’라는 이름을 지어주며 서로에게 특별한 존재가 되어간다.  하지만, 범블비의 정체를 파헤치려는 인간들과 그가 가진 비밀을 쫓는 디셉티콘의 추격과 압박은 점점 더 심해지는데…",
			"release_date": "2018-12-15",
			"revenue": 465895025,
			"runtime": 114,
			"tagline": "모든 것을 압도할 진짜 이야기의 시작",
			"title": "범블비",
			"genres": [
				28,
				12,
				878
			],
			"casts": [
				130640,
				1563266,
				56446,
				1517834,
				21063
			],
			"role_data": [
				{
					"cast_id": 9,
					"character": "Charlie Watson",
					"credit_id": "592f7f7f9251416970000c9d",
					"gender": 1,
					"id": 130640,
					"name": "Hailee Steinfeld",
					"order": 0,
					"profile_path": "/ec84nQSQYfrfgale6Nw1YxENxg.jpg"
				},
				{
					"cast_id": 10,
					"character": "Memo",
					"credit_id": "596560839251410bfa11f0fb",
					"gender": 2,
					"id": 1563266,
					"name": "Jorge Lendeborg Jr.",
					"order": 1,
					"profile_path": "/jDkT3Yf2AWG21Iy8l7cakTEncJU.jpg"
				},
				{
					"cast_id": 18,
					"character": "Agent Jack Burns",
					"credit_id": "59827078925141307c000288",
					"gender": 2,
					"id": 56446,
					"name": "John Cena",
					"order": 2,
					"profile_path": "/WbnZd6SK3DRlQBBW1yP1xHwlbs.jpg"
				},
				{
					"cast_id": 11,
					"character": "Otis Watson",
					"credit_id": "5967a9df92514132e1005229",
					"gender": 2,
					"id": 1517834,
					"name": "Jason Ian Drucker",
					"order": 3,
					"profile_path": "/5byvFfK7a34A2VDAI9comnI8h96.jpg"
				},
				{
					"cast_id": 16,
					"character": "Sally Watson",
					"credit_id": "597ea9a8c3a368544002490e",
					"gender": 1,
					"id": 21063,
					"name": "Pamela Adlon",
					"order": 4,
					"profile_path": "/DbStLMSMhW1qtmKugYjS4yWOi.jpg"
				}
			],
			"director": 1033661,
			"like_users": [],
			"poster_path": "https://image.tmdb.org/t/p/w600_and_h900_bestv2//a1XTVjEiShbX1XE6Uvaho49gw3l.jpg"
		}
	},
	{
		"model": "movies.movie",
		"pk": 297802,
		"fields": {
			"adult": false,
			"original_language": "en",
			"original_title": "Aquaman",
			"overview": "정략결혼을 피해 해저 왕국 아틀란티스에서 도망쳐 육지로 오게 된 아틀라나(니콜 키드먼)는 등대지기 톰(테무에라 모리슨)과 사랑에 빠진다. 아틀란티스의 세력으로부터 남편과 아들 아서(제이슨 모모아)을 지키기 위해서 아틀라나는 바다로 돌아가고, 육지에 남은 아서는 어릴 때부터 자신의 초능력을 인지해 인간세계의 해적을 물리치는 등 나름의 활약을 펼친다. 한편 아서의 이부형제 옴(패트릭 윌슨)은 육지를 정복하기 위한 작전을 세운다. 옴의 약혼자이자 네레우스 왕의 딸 메라(앰버 허드)는 아서에게 평화를 위해 해저 7개 왕국의 왕이 되어야만 한다고 설득하는데...",
			"release_date": "2018-12-07",
			"revenue": 1143689193,
			"runtime": 143,
			"tagline": "히어로의 무대가 바뀐다",
			"title": "아쿠아맨",
			"genres": [
				12,
				14
			],
			"casts": [
				117642,
				55085,
				5293,
				17178,
				2227
			],
			"role_data": [
				{
					"cast_id": 0,
					"character": "Arthur Curry / Aquaman",
					"credit_id": "545b5fbcc3a368535300121a",
					"gender": 2,
					"id": 117642,
					"name": "Jason Momoa",
					"order": 0,
					"profile_path": "/3q2iVSCX8EVQkuY2n3OWgXBnnNT.jpg"
				},
				{
					"cast_id": 7,
					"character": "Mera",
					"credit_id": "569763f2c3a3683b01001cac",
					"gender": 1,
					"id": 55085,
					"name": "Amber Heard",
					"order": 1,
					"profile_path": "/ft4ACLVFBXaOotbicBLm1fODyZr.jpg"
				},
				{
					"cast_id": 15,
					"character": "Nuidis Vulko",
					"credit_id": "584446b4c3a36847f900b310",
					"gender": 2,
					"id": 5293,
					"name": "Willem Dafoe",
					"order": 2,
					"profile_path": "/dsrEiPDCcr31BPiGjrlSKb0DMsh.jpg"
				},
				{
					"cast_id": 17,
					"character": "King Orm Marius / Ocean Master",
					"credit_id": "584f3f7c9251416f10000fa4",
					"gender": 2,
					"id": 17178,
					"name": "Patrick Wilson",
					"order": 3,
					"profile_path": "/6KbbwBcE69jssnuwDyhmyykaGFH.jpg"
				},
				{
					"cast_id": 19,
					"character": "Atlanna",
					"credit_id": "58910b7592514103e800b85c",
					"gender": 1,
					"id": 2227,
					"name": "Nicole Kidman",
					"order": 4,
					"profile_path": "/lfW2cDigTcvuoe4k6UfCdGVE1R6.jpg"
				}
			],
			"director": 2127,
			"like_users": [],
			"poster_path": "https://image.tmdb.org/t/p/w600_and_h900_bestv2//zoIFp0S7EdGuQ2iR9eBJb6UxGkv.jpg"
		}
	},
	{
		"model": "movies.movie",
		"pk": 302349,
		"fields": {
			"adult": false,
			"original_language": "en",
			"original_title": "Iron Sky: The Coming Race",
			"overview": "",
			"release_date": "2019-01-25",
			"revenue": 0,
			"runtime": 90,
			"tagline": "",
			"title": "아이언 스카이 2",
			"genres": [
				28,
				35,
				14,
				878,
				12
			],
			"casts": [
				1646,
				6674,
				78021,
				936496,
				79760
			],
			"role_data": [
				{
					"cast_id": 1,
					"character": "Wolfgang Kortzfleisch",
					"credit_id": "5468e20feaeb816b48001245",
					"gender": 2,
					"id": 1646,
					"name": "Udo Kier",
					"order": 1,
					"profile_path": "/nn3SvXlxttrRy7RxeqOEv1ZTgZf.jpg"
				},
				{
					"cast_id": 2,
					"character": "Renate Richter",
					"credit_id": "5468e21f22136e68c9001392",
					"gender": 1,
					"id": 6674,
					"name": "Julia Dietze",
					"order": 2,
					"profile_path": "/iNjrEGIFmi1Ja6elRYJai6glLOc.jpg"
				},
				{
					"cast_id": 3,
					"character": "Comptroller",
					"credit_id": "54fed4ac9251416fb500003f",
					"gender": 2,
					"id": 78021,
					"name": "Lloyd Kaufman",
					"order": 3,
					"profile_path": "/zTylEHdJL422WZ1vjEmEkDoWkk7.jpg"
				},
				{
					"cast_id": 5,
					"character": "Vril Sarah Pallin",
					"credit_id": "54fed4f09251410e54001547",
					"gender": 1,
					"id": 936496,
					"name": "Stephanie Paul",
					"order": 5,
					"profile_path": "/8fcTj4qCoHE9RMe4Qph7HHceiq2.jpg"
				},
				{
					"cast_id": 7,
					"character": "Vril Vladimir Putin",
					"credit_id": "54fed5259251410e4b001518",
					"gender": 2,
					"id": 79760,
					"name": "Kari Ketonen",
					"order": 7,
					"profile_path": "/iWOYHNvykuVagi2rugwKFj0dtpp.jpg"
				}
			],
			"director": 66212,
			"like_users": [],
			"poster_path": "https://image.tmdb.org/t/p/w600_and_h900_bestv2//l5t2Nf1F7iQUKTrODg93xmQzZLj.jpg"
		}
	},
	{
		"model": "movies.movie",
		"pk": 399579,
		"fields": {
			"adult": false,
			"original_language": "en",
			"original_title": "Alita: Battle Angel",
			"overview": "모두가 갈망하는 공중도시와 그들을 위해 존재하는 고철도시로 나누어진 26세기. 고철 더미 속 모든 기억을 잃은 채 깨어난 알리타는 마음 따뜻한 의사 이도의 보살핌으로 새로운 삶을 시작한다. 이도는 사이보그인 알리타에게 특별한 과거의 비밀과 영혼이 존재한다는 사실을 깨닫고 미스터리한 과거로부터 그녀를 지키고자 한다. 한편 새로운 친구 휴고는 알리타가 위험한 고철도시를 헤쳐나갈 수 있는 방법과 함께 기억을 되찾도록 돕는다. 알리타가 자신의 과거에 다가 갈수록 도시를 지배하는 악랄한 세력들이 그녀를 노리며 제거하려고 하는데...",
			"release_date": "2019-01-31",
			"revenue": 400157800,
			"runtime": 122,
			"tagline": "전사가 눈을 뜨고 세상이 깨어난다",
			"title": "알리타: 배틀 엔젤",
			"genres": [
				28,
				878,
				53,
				12
			],
			"casts": [
				973667,
				27319,
				932967,
				1448516,
				6161
			],
			"role_data": [
				{
					"cast_id": 2,
					"character": "Alita",
					"credit_id": "57484f43c3a3683cd8000d87",
					"gender": 1,
					"id": 973667,
					"name": "Rosa Salazar",
					"order": 0,
					"profile_path": "/rQZAi8uI74BGyi5fVN1ihOJ3qOa.jpg"
				},
				{
					"cast_id": 3,
					"character": "Dr. Dyson Ido",
					"credit_id": "57e59e37925141413d002289",
					"gender": 2,
					"id": 27319,
					"name": "Christoph Waltz",
					"order": 1,
					"profile_path": "/2Hhztd4mUEV9Y25rfkXDwzL9QI9.jpg"
				},
				{
					"cast_id": 65,
					"character": "Vector",
					"credit_id": "57f4a6599251411c770023ae",
					"gender": 2,
					"id": 932967,
					"name": "Mahershala Ali",
					"order": 2,
					"profile_path": "/y9mf12rlZBlVJS6JYuCPpjTaLT6.jpg"
				},
				{
					"cast_id": 66,
					"character": "Hugo",
					"credit_id": "57f4a6639251411c75002385",
					"gender": 2,
					"id": 1448516,
					"name": "Keean Johnson",
					"order": 3,
					"profile_path": "/qYslz07HQUW1bAqdYSa3dUbnglb.jpg"
				},
				{
					"cast_id": 73,
					"character": "Chiren",
					"credit_id": "589a8490925141238d001bbe",
					"gender": 1,
					"id": 6161,
					"name": "Jennifer Connelly",
					"order": 4,
					"profile_path": "/mOVleZFCqMDugAXyyiJBq6LmSah.jpg"
				}
			],
			"director": 2294,
			"like_users": [],
			"poster_path": "https://image.tmdb.org/t/p/w600_and_h900_bestv2//EmKXs46sx0YjwMY1LaELSPUFim.jpg"
		}
	},
	{
		"model": "movies.movie",
		"pk": 491418,
		"fields": {
			"adult": false,
			"original_language": "en",
			"original_title": "Instant Family",
			"overview": "피트와 엘리 부부는 직접 자신들의 아이를 낳는 대신 입양을하기로 하지만, 그들의 계획과는 달리 대부분의 가정에서 입양하기를 꺼리는 십 대 아이 세 명을 입양하게 되는 상황에 놓인다.  서로가 서로의 새로운 가족이 되는 과정 속에서 그들은 갈등을 겪게 되지만 점차 진정한 가족의 의미를 깨닫게 되는데…",
			"release_date": "2018-11-16",
			"revenue": 14700000,
			"runtime": 118,
			"tagline": "",
			"title": "인스턴트 패밀리",
			"genres": [
				35,
				18
			],
			"casts": [
				13240,
				9827,
				1428070,
				452,
				14415
			],
			"role_data": [
				{
					"cast_id": 0,
					"character": "Pete Wagner",
					"credit_id": "5a29eaf29251410329123177",
					"gender": 2,
					"id": 13240,
					"name": "Mark Wahlberg",
					"order": 0,
					"profile_path": "/z2wJh5n7qZRUE1y9uB8UrivAV2b.jpg"
				},
				{
					"cast_id": 1,
					"character": "Ellie Wagner",
					"credit_id": "5a29eaf9c3a3680b8f11d24f",
					"gender": 1,
					"id": 9827,
					"name": "Rose Byrne",
					"order": 1,
					"profile_path": "/4oQWCLK7gd6RNKF0WJipJo7TyFP.jpg"
				},
				{
					"cast_id": 3,
					"character": "Lizzy",
					"credit_id": "5aea27d092514172aa001321",
					"gender": 1,
					"id": 1428070,
					"name": "Isabela Moner",
					"order": 2,
					"profile_path": "/mT6CGpG1FRhzAGkR2mBEudMIUg8.jpg"
				},
				{
					"cast_id": 31,
					"character": "Sandy  Wagner",
					"credit_id": "5bf625d7c3a36818a30d3bfd",
					"gender": 1,
					"id": 452,
					"name": "Margo Martindale",
					"order": 3,
					"profile_path": "/u0aXXIvYl6tbqNYALUK9OKVHclg.jpg"
				},
				{
					"cast_id": 6,
					"character": "Jan",
					"credit_id": "5aea27f90e0a26291e00149d",
					"gender": 1,
					"id": 14415,
					"name": "Julie Hagerty",
					"order": 4,
					"profile_path": "/3L0l8TVSzqYNmJA1b2Ve6bU2iwz.jpg"
				}
			],
			"director": 74619,
			"like_users": [],
			"poster_path": "https://image.tmdb.org/t/p/w600_and_h900_bestv2//dic3GdmMpxxfkCQfvZnasb5ZkSG.jpg"
		}
	},
	{
		"model": "movies.movie",
		"pk": 245891,
		"fields": {
			"adult": false,
			"original_language": "en",
			"original_title": "John Wick",
			"overview": "전설이라 불리던 킬러 ‘존 윅’(키아누 리브스)은 사랑하는 여인을 만나 결혼을 하면서 범죄의 세계에서 은퇴한다. 행복도 잠시, 투병 끝에 부인이 세상을 떠나고 그의 앞으로 부인이 죽기 전에 보낸 강아지 한 마리가 선물로 배달된다.  그러던 어느 날, 그의 집에 괴한들이 들이닥치는데…  더 이상 잃을 것이 없다. 오직 너희만 죽인다! 건드리지 말아야 할 그의 분노를 잘못 깨웠다.  받은 것보다 더 돌려주는 통쾌한 복수, ‘존 윅’의 거침없는 복수가 마침내 폭발한다!",
			"release_date": "2014-10-22",
			"revenue": 88761661,
			"runtime": 101,
			"tagline": "존윅, 존 윅",
			"title": "존 윅",
			"genres": [
				28,
				53
			],
			"casts": [
				6384,
				6283,
				71586,
				5293,
				6972
			],
			"role_data": [
				{
					"cast_id": 6,
					"character": "John Wick",
					"credit_id": "52fe4f0cc3a36847f82b9c41",
					"gender": 2,
					"id": 6384,
					"name": "Keanu Reeves",
					"order": 0,
					"profile_path": "/bOlYWhVuOiU6azC4Bw6zlXZ5QTC.jpg"
				},
				{
					"cast_id": 20,
					"character": "Viggo Tarasov",
					"credit_id": "544b95150e0a2630f9000dc0",
					"gender": 2,
					"id": 6283,
					"name": "Michael Nyqvist",
					"order": 1,
					"profile_path": "/bDjPDDiSna8FN5rqHdheg2wIYYo.jpg"
				},
				{
					"cast_id": 12,
					"character": "Iosef Tarasov",
					"credit_id": "52fe4f0cc3a36847f82b9c59",
					"gender": 2,
					"id": 71586,
					"name": "Alfie Allen",
					"order": 2,
					"profile_path": "/4q6yzSMi8Q5XeIn5A1yUD1tEfwq.jpg"
				},
				{
					"cast_id": 9,
					"character": "Marcus",
					"credit_id": "52fe4f0cc3a36847f82b9c4d",
					"gender": 2,
					"id": 5293,
					"name": "Willem Dafoe",
					"order": 3,
					"profile_path": "/dsrEiPDCcr31BPiGjrlSKb0DMsh.jpg"
				},
				{
					"cast_id": 24,
					"character": "Winston",
					"credit_id": "544b9592c3a3686ac1000876",
					"gender": 2,
					"id": 6972,
					"name": "Ian McShane",
					"order": 4,
					"profile_path": "/pY9ud4BJwHekNiO4MMItPbgkdAy.jpg"
				}
			],
			"director": 40644,
			"like_users": [],
			"poster_path": "https://image.tmdb.org/t/p/w600_and_h900_bestv2//v0pGAfI1ZGEv550JIYWhHSAxV7r.jpg"
		}
	},
	{
		"model": "movies.movie",
		"pk": 512196,
		"fields": {
			"adult": false,
			"original_language": "en",
			"original_title": "Happy Death Day 2U",
			"overview": "절대 끝나지 않는 생일에 또다시 갇혀버린 트리와 더 강력하게 돌아온 베이비의 끝내주는 호러테이닝 무비",
			"release_date": "2019-02-13",
			"revenue": 25327500,
			"runtime": 100,
			"tagline": "죽여주게 끝내줄게",
			"title": "해피 데스데이 2 유",
			"genres": [
				27,
				9648,
				53,
				878,
				35
			],
			"casts": [
				1427680,
				969140,
				1542831,
				933160,
				2035239
			],
			"role_data": [
				{
					"cast_id": 0,
					"character": "Theresa \"Tree\" Gelbman",
					"credit_id": "5aac34190e0a267833004d00",
					"gender": 1,
					"id": 1427680,
					"name": "Jessica Rothe",
					"order": 0,
					"profile_path": "/8sV1fAj98dwuYZbqvs059QOR18R.jpg"
				},
				{
					"cast_id": 3,
					"character": "Carter Davis",
					"credit_id": "5aeadc1d92514167f50027d7",
					"gender": 2,
					"id": 969140,
					"name": "Israel Broussard",
					"order": 1,
					"profile_path": "/A052fhy9nQgQAmAXK484pL4apxH.jpg"
				},
				{
					"cast_id": 13,
					"character": "Ryan Phan",
					"credit_id": "5c0486c4c3a36863700c69bc",
					"gender": 2,
					"id": 1542831,
					"name": "Phi Vu",
					"order": 2,
					"profile_path": "/2jUCUmgbzgYXgjsAaRrxKV1TIWw.jpg"
				},
				{
					"cast_id": 4,
					"character": "Samar Ghosh",
					"credit_id": "5aeadc3fc3a3682def002fc1",
					"gender": 2,
					"id": 933160,
					"name": "Suraj Sharma",
					"order": 3,
					"profile_path": "/uGr7a2wICCzuvna2YDhjtOGrKQd.jpg"
				},
				{
					"cast_id": 5,
					"character": "Dre Morgan",
					"credit_id": "5aeadc68c3a3682dfb003163",
					"gender": 0,
					"id": 2035239,
					"name": "Sarah Yarkin",
					"order": 4,
					"profile_path": "/dbIjlRBm3DpW6RCevB5vDyVqCJu.jpg"
				}
			],
			"director": 54248,
			"like_users": [],
			"poster_path": "https://image.tmdb.org/t/p/w600_and_h900_bestv2//y6Ezb917fuqpOULP5uBfZUvSG8e.jpg"
		}
	},
	{
		"model": "movies.movie",
		"pk": 468224,
		"fields": {
			"adult": false,
			"original_language": "en",
			"original_title": "Tolkien",
			"overview": "고아인 한 작가의 우정과 사랑 및 예술적인 영감을 그린 영화로 학교에서 소외된 학생들로 구성된 그룹의 일원으로 지내다가 1차 세계대전에 참전하면서 이들과의 우정에 위기가 다가오며 이런 일련의 일들을 토대로 그 유명한 중간계 소설들을 쓰게되는 영감이 된다.",
			"release_date": "2019-05-03",
			"revenue": 0,
			"runtime": 112,
			"tagline": "",
			"title": "톨킨",
			"genres": [
				18
			],
			"casts": [
				3292,
				112561,
				139654,
				17782,
				1765227
			],
			"role_data": [
				{
					"cast_id": 3,
					"character": "J.R.R. Tolkien",
					"credit_id": "59a8119bc3a3683ce6014131",
					"gender": 2,
					"id": 3292,
					"name": "Nicholas Hoult",
					"order": 0,
					"profile_path": "/h1gXgpuXERZTVhxMdjT7uvXIyq6.jpg"
				},
				{
					"cast_id": 4,
					"character": "Edith Bratt",
					"credit_id": "59a811a792514157ab0159ab",
					"gender": 1,
					"id": 112561,
					"name": "Lily Collins",
					"order": 1,
					"profile_path": "/4r1hQi2h41jyV27QNqfGyVFX755.jpg"
				},
				{
					"cast_id": 5,
					"character": "",
					"credit_id": "5a0abdfcc3a368218a017efd",
					"gender": 1,
					"id": 139654,
					"name": "Genevieve O'Reilly",
					"order": 2,
					"profile_path": "/8NrrFxrGng88GU7lxwOyK3PZv05.jpg"
				},
				{
					"cast_id": 6,
					"character": "Father Francis Morgan",
					"credit_id": "5a0abe0392514130cd01665c",
					"gender": 2,
					"id": 17782,
					"name": "Colm Meaney",
					"order": 3,
					"profile_path": "/irPAowqDk7llCvm8uyCJuBClzJw.jpg"
				},
				{
					"cast_id": 7,
					"character": "Christopher Wiseman",
					"credit_id": "5a0abe1192514130e2016448",
					"gender": 2,
					"id": 1765227,
					"name": "Tom Glynn-Carney",
					"order": 4,
					"profile_path": "/9J32nef6iZT7g7ah3gF4xznVRU5.jpg"
				}
			],
			"director": 88857,
			"like_users": [],
			"poster_path": "https://image.tmdb.org/t/p/w600_and_h900_bestv2//5ElXRKi773koW0mAnRjpNTpgZXZ.jpg"
		}
	},
	{
		"model": "movies.movie",
		"pk": 1726,
		"fields": {
			"adult": false,
			"original_language": "en",
			"original_title": "Iron Man",
			"overview": "천재적인 두뇌와 재능으로 세계 최강의 무기업체를 이끄는 CEO이자, 타고난 매력으로 셀러브리티 못지않은 화려한 삶을 살아가던 억만장자 토니 스타크. 아프가니스탄에서 자신이 개발한 신무기 발표를 성공리에 마치고 돌아가던 그는 게릴라군의 갑작스런 공격에 의해 가슴에 치명적인 부상을 입고 게릴라군에게 납치된다. 가까스로 목숨을 건진 그에게 게릴라군은 자신들을 위한 강력한 무기를 개발하라며 그를 위협한다. 그러나 그는 게릴라군을 위한 무기 대신, 탈출을 위한 무기가 장착된 철갑수트를 몰래 만드는 데 성공하고, 그의 첫 수트인 Mark 1를 입고 탈출에 성공한다.",
			"release_date": "2008-04-30",
			"revenue": 585174222,
			"runtime": 125,
			"tagline": "이제 업그레이드는 끝났다",
			"title": "아이언맨",
			"genres": [
				28,
				878,
				12
			],
			"casts": [
				3223,
				18288,
				1229,
				12052,
				57451
			],
			"role_data": [
				{
					"cast_id": 19,
					"character": "Tony Stark / Iron Man",
					"credit_id": "52fe4311c3a36847f8037ee9",
					"gender": 2,
					"id": 3223,
					"name": "Robert Downey Jr.",
					"order": 0,
					"profile_path": "/1YjdSym1jTG7xjHSI0yGGWEsw5i.jpg"
				},
				{
					"cast_id": 12,
					"character": "James \"Rhodey\" Rhodes",
					"credit_id": "52fe4311c3a36847f8037ecb",
					"gender": 2,
					"id": 18288,
					"name": "Terrence Howard",
					"order": 1,
					"profile_path": "/MZeLxOH0PgL7xcvt865WVBvQDw.jpg"
				},
				{
					"cast_id": 11,
					"character": "Obadiah Stane / Iron Monger",
					"credit_id": "52fe4311c3a36847f8037ec7",
					"gender": 2,
					"id": 1229,
					"name": "Jeff Bridges",
					"order": 2,
					"profile_path": "/xms1RAY6q7Lzp7wNeRCB0kzhucn.jpg"
				},
				{
					"cast_id": 10,
					"character": "Virginia \"Pepper\" Potts",
					"credit_id": "52fe4311c3a36847f8037ec3",
					"gender": 1,
					"id": 12052,
					"name": "Gwyneth Paltrow",
					"order": 3,
					"profile_path": "/uSidH77gLyon3Zpg6y1GxpKJMdZ.jpg"
				},
				{
					"cast_id": 17,
					"character": "Christine Everhart",
					"credit_id": "52fe4311c3a36847f8037ee1",
					"gender": 1,
					"id": 57451,
					"name": "Leslie Bibb",
					"order": 4,
					"profile_path": "/vzm9Si3VzsZX0M4YxtQKgaojpOk.jpg"
				}
			],
			"director": 15277,
			"like_users": [],
			"poster_path": "https://image.tmdb.org/t/p/w600_and_h900_bestv2//318YNPBDdt4VU1nsJDdImGc8Gek.jpg"
		}
	},
	{
		"model": "movies.movie",
		"pk": 10195,
		"fields": {
			"adult": false,
			"original_language": "en",
			"original_title": "Thor",
			"overview": "파괴를 일삼는 요툰하임을 제압한 왕 오딘의 통치로 평화로운 나날을 보내고 있는 신의 세계 아스가르드. 오딘의 아들인 토르의 왕위 계승식이 있던 날, 요툰하임의 지배자인 라우페이는 평화 협정을 위반하고 아스가르드를 침입한다. 이 사건으로 왕위에 오르지 못한 토르는 분노와 모욕감에 요툰하임을 공격하지만 막강한 군대에 포위되어 위기에 몰리게 되고, 오딘은 토르의 오만하고 경솔한 행동에 분노해 토르의 신으로서의 능력을 박탈한 채 인간 세계 미스가르드로 추방한다. 한편 천체의 이상현상을 연구하던 과학자 제인 일행은 거대한 섬광의 흔적을 쫓던 중, 그 현장 한가운데서 지구에 떨어진 토르와 맞닥뜨린다.",
			"release_date": "2011-04-21",
			"revenue": 449326618,
			"runtime": 115,
			"tagline": "신으로 태어나 슈퍼히어로가 되다",
			"title": "토르: 천둥의 신",
			"genres": [
				12,
				14,
				28
			],
			"casts": [
				74568,
				524,
				91606,
				4173,
				1640
			],
			"role_data": [
				{
					"cast_id": 1,
					"character": "Thor Odinson",
					"credit_id": "52fe433f9251416c750091e5",
					"gender": 2,
					"id": 74568,
					"name": "Chris Hemsworth",
					"order": 0,
					"profile_path": "/lrhth7yK9p3vy6p7AabDUM1THKl.jpg"
				},
				{
					"cast_id": 5,
					"character": "Jane Foster",
					"credit_id": "52fe433f9251416c750091f7",
					"gender": 1,
					"id": 524,
					"name": "Natalie Portman",
					"order": 1,
					"profile_path": "/jJcRWku3e9OHrmRqytn6WcBjhvh.jpg"
				},
				{
					"cast_id": 3,
					"character": "Loki",
					"credit_id": "52fe433f9251416c750091ef",
					"gender": 2,
					"id": 91606,
					"name": "Tom Hiddleston",
					"order": 2,
					"profile_path": "/qB1lHPFBPIzw6I7EvsciZ5wyUNS.jpg"
				},
				{
					"cast_id": 6,
					"character": "Odin",
					"credit_id": "52fe433f9251416c750091fb",
					"gender": 2,
					"id": 4173,
					"name": "Anthony Hopkins",
					"order": 3,
					"profile_path": "/9ukJS2QWTJ22HcwR1ktMmoJ6RSL.jpg"
				},
				{
					"cast_id": 23,
					"character": "Erik Selvig",
					"credit_id": "52fe433f9251416c7500924d",
					"gender": 2,
					"id": 1640,
					"name": "Stellan Skarsgård",
					"order": 4,
					"profile_path": "/x78BtYHElirO7Iw8bL4m8CnzRDc.jpg"
				}
			],
			"director": 11181,
			"like_users": [],
			"poster_path": "https://image.tmdb.org/t/p/w600_and_h900_bestv2//nJhAsgiUsPVywXITKkxADCWhrVL.jpg"
		}
	},
	{
		"model": "movies.movie",
		"pk": 458156,
		"fields": {
			"adult": false,
			"original_language": "en",
			"original_title": "John Wick: Chapter 3 – Parabellum",
			"overview": "업계 레전드 킬러 ‘존 윅’은 국제암살자연합을 통해 파문조치를 당한 후 그에게 따라 붙은 역대 최고의 현상금 1,400만 불로 인해 전 세계의 가장 위협적인 킬러들이 그와의 전쟁을 선포한다.",
			"release_date": "2019-05-15",
			"revenue": 0,
			"runtime": 130,
			"tagline": "평화를 원한다면 전쟁을 준비하라!",
			"title": "존 윅 3: 파라벨룸",
			"genres": [
				80,
				28,
				53
			],
			"casts": [
				6384,
				4587,
				6972,
				2975,
				5657
			],
			"role_data": [
				{
					"cast_id": 0,
					"character": "John Wick",
					"credit_id": "591d49ad925141499001b005",
					"gender": 2,
					"id": 6384,
					"name": "Keanu Reeves",
					"order": 0,
					"profile_path": "/bOlYWhVuOiU6azC4Bw6zlXZ5QTC.jpg"
				},
				{
					"cast_id": 9,
					"character": "Sofia",
					"credit_id": "5b031331925141097301b798",
					"gender": 1,
					"id": 4587,
					"name": "Halle Berry",
					"order": 1,
					"profile_path": "/hdUqx0on0cqbFuJCZtEGU42UWe5.jpg"
				},
				{
					"cast_id": 21,
					"character": "Winston",
					"credit_id": "5b73e8ec92514140541a8a0d",
					"gender": 2,
					"id": 6972,
					"name": "Ian McShane",
					"order": 2,
					"profile_path": "/pY9ud4BJwHekNiO4MMItPbgkdAy.jpg"
				},
				{
					"cast_id": 5,
					"character": "The Bowery King",
					"credit_id": "5a6459aac3a3687f7d020dbb",
					"gender": 2,
					"id": 2975,
					"name": "Laurence Fishburne",
					"order": 3,
					"profile_path": "/8suOhUmPbfKqDQ17jQ1Gy0mI3P4.jpg"
				},
				{
					"cast_id": 11,
					"character": "The Director",
					"credit_id": "5b03143d0e0a2623c501b391",
					"gender": 1,
					"id": 5657,
					"name": "Anjelica Huston",
					"order": 4,
					"profile_path": "/6hnYeHa7Rc1w1MmQ3JsLSIb7yCX.jpg"
				}
			],
			"director": 40644,
			"like_users": [],
			"poster_path": "https://image.tmdb.org/t/p/w600_and_h900_bestv2//ghx93NNkUHStNFIoXRoCMbfsxHv.jpg"
		}
	},
	{
		"model": "movies.movie",
		"pk": 271110,
		"fields": {
			"adult": false,
			"original_language": "en",
			"original_title": "Captain America: Civil War",
			"overview": "어벤져스가 벌인 전투로 많은 사람들이 불의의 사고를 당하는 등 부수적인 피해가 일어나자 정부는 슈퍼히어로 등록제를 추진하려 한다. 어벤져스의 독자적인 판단에 맡기기보다 직접 관리, 감독하겠다는 게 정부의 속내. 아이언맨(로버트 다우니 주니어)은 정부의 방침을 따라야 한다는 입장인 반면, 캡틴 아메리카(크리스 에반스)는 정부의 감시 없이 자유롭게 지구를 지켜야 한다고 주장한다. 어벤져스 내부는 캡틴 아메리카(윈터 솔져, 팔콘, 호크아이, 스칼렛 위치, 앤트맨)와 아이언맨(블랙위도우, 워머신, 블랙 팬서, 비전, 스파이더맨) 두 입장으로 나뉘어 대립하게 되는데...",
			"release_date": "2016-04-27",
			"revenue": 1153304495,
			"runtime": 147,
			"tagline": "분열은 시작되었다!",
			"title": "캡틴 아메리카: 시빌 워",
			"genres": [
				12,
				28,
				878
			],
			"casts": [
				16828,
				3223,
				1245,
				60898,
				53650
			],
			"role_data": [
				{
					"cast_id": 9,
					"character": "Steve Rogers / Captain America",
					"credit_id": "543ecb490e0a2667450001db",
					"gender": 2,
					"id": 16828,
					"name": "Chris Evans",
					"order": 0,
					"profile_path": "/7dUkkq1lK593XvOjunlUB11lKm1.jpg"
				},
				{
					"cast_id": 10,
					"character": "Tony Stark / Iron Man",
					"credit_id": "543ecb5fc3a3684fe90001a9",
					"gender": 2,
					"id": 3223,
					"name": "Robert Downey Jr.",
					"order": 1,
					"profile_path": "/1YjdSym1jTG7xjHSI0yGGWEsw5i.jpg"
				},
				{
					"cast_id": 14,
					"character": "Natasha Romanoff / Black Widow",
					"credit_id": "54b95becc3a3686c6800520e",
					"gender": 1,
					"id": 1245,
					"name": "Scarlett Johansson",
					"order": 2,
					"profile_path": "/tHMgW7Pg0Fg6HmB8Kh8Ixk6yxZw.jpg"
				},
				{
					"cast_id": 15,
					"character": "James \"Bucky\" Barnes / Winter Soldier",
					"credit_id": "54b95c039251411d77004980",
					"gender": 2,
					"id": 60898,
					"name": "Sebastian Stan",
					"order": 3,
					"profile_path": "/nrOrJWbPvzAbeMACxDeLNUA0Q9Q.jpg"
				},
				{
					"cast_id": 17,
					"character": "Sam Wilson / Falcon",
					"credit_id": "54ce33afc3a3687f92005096",
					"gender": 2,
					"id": 53650,
					"name": "Anthony Mackie",
					"order": 4,
					"profile_path": "/5VGGJ0Co8SC94iiedWb2o3C36T.jpg"
				}
			],
			"director": 19271,
			"like_users": [],
			"poster_path": "https://image.tmdb.org/t/p/w600_and_h900_bestv2//7zDqxWSMqYME73Qdze3mkrHFqJo.jpg"
		}
	},
	{
		"model": "movies.movie",
		"pk": 464504,
		"fields": {
			"adult": false,
			"original_language": "en",
			"original_title": "A Madea Family Funeral",
			"overview": "",
			"release_date": "2019-03-01",
			"revenue": 46115383,
			"runtime": 104,
			"tagline": "",
			"title": "어 마디아 패밀리 퓨너럴",
			"genres": [
				35
			],
			"casts": [
				80602,
				1106869,
				80611,
				124687,
				1865285
			],
			"role_data": [
				{
					"cast_id": 1,
					"character": "Madea / Joe / Brian / Heathrow",
					"credit_id": "595ab8a79251415a400142a8",
					"gender": 2,
					"id": 80602,
					"name": "Tyler Perry",
					"order": 0,
					"profile_path": "/fdBvkrv4lSKZ97eDLpmjlK1Tnbx.jpg"
				},
				{
					"cast_id": 3,
					"character": "Hattie",
					"credit_id": "595ab8c6c3a36828fc03f9d8",
					"gender": 0,
					"id": 1106869,
					"name": "Patrice Lovely",
					"order": 1,
					"profile_path": null
				},
				{
					"cast_id": 2,
					"character": "Aunt Bam",
					"credit_id": "595ab8b592514122510284f5",
					"gender": 1,
					"id": 80611,
					"name": "Cassi Davis",
					"order": 2,
					"profile_path": "/h1CvHpp2CFM24hkN42c8dYkLB1Y.jpg"
				},
				{
					"cast_id": 4,
					"character": "Silvia",
					"credit_id": "59b0c802925141076507fdea",
					"gender": 1,
					"id": 124687,
					"name": "Ciera Payton",
					"order": 3,
					"profile_path": "/gicqTmg36lVmL0UPuuNjEHUSOn5.jpg"
				},
				{
					"cast_id": 5,
					"character": "Carol",
					"credit_id": "59b0c80dc3a3682cc807d1bb",
					"gender": 0,
					"id": 1865285,
					"name": "KJ Smith",
					"order": 4,
					"profile_path": "/2Kd2OKzvavxQUxG37yUkKUbvBxa.jpg"
				}
			],
			"director": 80602,
			"like_users": [],
			"poster_path": "https://image.tmdb.org/t/p/w600_and_h900_bestv2//sFvOTUlZrIxCLdmz1fC16wK0lme.jpg"
		}
	},
	{
		"model": "movies.movie",
		"pk": 137113,
		"fields": {
			"adult": false,
			"original_language": "en",
			"original_title": "Edge of Tomorrow",
			"overview": "가까운 미래, 미믹이라 불리는 외계 종족의 침략으로 인류는 멸망 위기를 맞는다. 전투를 치른 경험이 한번도 없는 군 공보관 소속 빌 케이지(톰 크루즈) 소령은 전쟁터에 가서 군 홍보 영상을 찍어오라는 4성 장군의 명령을 거절한다. 그 죄로 자살 특공대에 투입된다. 하지만 불가능한 일이 일어난다. 그가 다시 그 끔찍한 날이 시작된 시간에 다시 깨어나 다시 전투에 참여하게 되고 다시 죽었다가 또 다시 살아나는 것. 다시 작전에 참여해 죽었다가 눈을 뜨기를 반복하면서 그는 자신이 외계인과의 접촉으로 같은 시간대를 반복해서 겪게 되는타임루프에 빠졌다는 사실을 알게 된다.",
			"release_date": "2014-05-27",
			"revenue": 370541256,
			"runtime": 113,
			"tagline": "인간 병기, 죽어야만 더 강해진다",
			"title": "엣지 오브 투모로우",
			"genres": [
				28,
				878
			],
			"casts": [
				500,
				5081,
				2039,
				2053,
				119224
			],
			"role_data": [
				{
					"cast_id": 12,
					"character": "Maj. William \"Bill\" Cage",
					"credit_id": "52fe4c27c3a368484e1aa209",
					"gender": 2,
					"id": 500,
					"name": "Tom Cruise",
					"order": 0,
					"profile_path": "/3oWEuo0e8Nx8JvkqYCDec2iMY6K.jpg"
				},
				{
					"cast_id": 27,
					"character": "Sgt. Rita Vrataski",
					"credit_id": "53b524de0e0a2676c4002173",
					"gender": 1,
					"id": 5081,
					"name": "Emily Blunt",
					"order": 1,
					"profile_path": "/jqlqq3knztTnty5rcMg5evqZRCa.jpg"
				},
				{
					"cast_id": 26,
					"character": "General Brigham",
					"credit_id": "5391fab70e0a266dca0001ae",
					"gender": 2,
					"id": 2039,
					"name": "Brendan Gleeson",
					"order": 2,
					"profile_path": "/pUTBk2sqFgg4aFBXHckD0qKLUYP.jpg"
				},
				{
					"cast_id": 13,
					"character": "Msg. Farell",
					"credit_id": "52fe4c27c3a368484e1aa20d",
					"gender": 2,
					"id": 2053,
					"name": "Bill Paxton",
					"order": 3,
					"profile_path": "/53Ln1wTC0OCLzBF4HNlwhMXYgOU.jpg"
				},
				{
					"cast_id": 16,
					"character": "Skinner",
					"credit_id": "52fe4c27c3a368484e1aa219",
					"gender": 0,
					"id": 119224,
					"name": "Jonas Armstrong",
					"order": 4,
					"profile_path": "/A58hnFODtjSbhmXtftPZLGWSBz0.jpg"
				}
			],
			"director": 11694,
			"like_users": [],
			"poster_path": "https://image.tmdb.org/t/p/w600_and_h900_bestv2//mRd73RCMxwwZlAudYKMebE4W32d.jpg"
		}
	},
	{
		"model": "movies.movie",
		"pk": 315635,
		"fields": {
			"adult": false,
			"original_language": "en",
			"original_title": "Spider-Man: Homecoming",
			"overview": "토니 스타크(로버트 다우니 주니어)의 제안을 받고 시빌 워에 참여한 피터 파커(톰 홀랜드)은 다음 임무가 언제일지 설렘을 안고 하루하루를 보낸다. 토니는 MIT 진학 준비에 전념할 것을 권하지만 친절한 이웃에 머무는 것은 피터의 성에 차지 않는다. 한편 어벤져스 군단과 외계 세력의 전투로 생긴 산업폐기물을 처리하던 아드리안 툼즈(마이클 키튼)는 그 일이 토니 스타크와 정부에 넘어가면서 하루아침에 빈털터리가 된다. 이에 앙심을 품은 아드리안은 외계 첨단무기를 훔쳐서 개조하는 빌런이 되고, 그의 존재를 알게 된 피터는 도움을 빌리지 않고 자기가 일을 해결해보려고 한다.",
			"release_date": "2017-07-05",
			"revenue": 880166924,
			"runtime": 133,
			"tagline": "마블 히어로의 세대교체",
			"title": "스파이더맨: 홈커밍",
			"genres": [
				28,
				12,
				878,
				18
			],
			"casts": [
				1136406,
				2232,
				3223,
				3141,
				15277
			],
			"role_data": [
				{
					"cast_id": 16,
					"character": "Peter Parker / Spider-Man",
					"credit_id": "558993e49251414371001b1b",
					"gender": 2,
					"id": 1136406,
					"name": "Tom Holland",
					"order": 0,
					"profile_path": "/n4uddsujmh2fYOSa4Uwk4BbhX3H.jpg"
				},
				{
					"cast_id": 28,
					"character": "Adrian Toomes / Vulture",
					"credit_id": "573fb95cc3a368082e000e74",
					"gender": 2,
					"id": 2232,
					"name": "Michael Keaton",
					"order": 1,
					"profile_path": "/baeHNv3qrVsnApuKbZXiJOhqMnw.jpg"
				},
				{
					"cast_id": 26,
					"character": "Tony Stark / Iron Man",
					"credit_id": "571924449251412ccc0003b1",
					"gender": 2,
					"id": 3223,
					"name": "Robert Downey Jr.",
					"order": 2,
					"profile_path": "/1YjdSym1jTG7xjHSI0yGGWEsw5i.jpg"
				},
				{
					"cast_id": 17,
					"character": "May Parker",
					"credit_id": "55b5c1829251411e0f015f39",
					"gender": 1,
					"id": 3141,
					"name": "Marisa Tomei",
					"order": 3,
					"profile_path": "/w8qBpRcv04D5eSnnmvRL7PXyW36.jpg"
				},
				{
					"cast_id": 71,
					"character": "Harold \"Happy\" Hogan",
					"credit_id": "57c8ef3992514148e3002bc8",
					"gender": 2,
					"id": 15277,
					"name": "Jon Favreau",
					"order": 4,
					"profile_path": "/sJSGJwGa3hjMlJNUCxF7wQwo7fb.jpg"
				}
			],
			"director": 1293994,
			"like_users": [],
			"poster_path": "https://image.tmdb.org/t/p/w600_and_h900_bestv2//nS8700DvlmXBVX0UqZZwnCcFB1X.jpg"
		}
	},
	{
		"model": "movies.movie",
		"pk": 376865,
		"fields": {
			"adult": false,
			"original_language": "en",
			"original_title": "High Life",
			"overview": "고립된 이 우주선에서는 모든 것이 인공적이며 인간의 욕망 또한 통제된다. 과거의 상처로 인해 아이에게 집착하는 의사는, 탑승객이자 지구에서 버려진 죄수들을 대상으로 인공 수정을 시도하고, 아이가 태어난다. 유일한 생존자로 남은 몬테는 어린 딸을 돌보며 버티어 낸다. 블랙홀의 회전 에너지를 확인하여 인류에 크게 기여하려던 임무는 완수하지 못했다. 소녀로 성장한 딸과 몬테는 더 이상 구조의 희망을 기다릴 수 없다. 두 사람은 블랙홀로의 여정을 시작한다.",
			"release_date": "2018-11-07",
			"revenue": 0,
			"runtime": 113,
			"tagline": "",
			"title": "하이 라이프",
			"genres": [
				878,
				18,
				9648,
				53
			],
			"casts": [
				11288,
				1137,
				37934,
				1137824,
				37982
			],
			"role_data": [
				{
					"cast_id": 1,
					"character": "Monte",
					"credit_id": "5692530b92514115ce001de1",
					"gender": 2,
					"id": 11288,
					"name": "Robert Pattinson",
					"order": 0,
					"profile_path": "/lVvU6gZcvXGIukneO3KIsglkcAq.jpg"
				},
				{
					"cast_id": 8,
					"character": "Dr. Dibs",
					"credit_id": "59a51f78c3a3683fdb005ed5",
					"gender": 1,
					"id": 1137,
					"name": "Juliette Binoche",
					"order": 1,
					"profile_path": "/3QtWKWVlhG1pixoPrQmb0AueAMt.jpg"
				},
				{
					"cast_id": 9,
					"character": "Tcherny",
					"credit_id": "59b6300d9251417d0100d8b7",
					"gender": 2,
					"id": 37934,
					"name": "André Benjamin",
					"order": 2,
					"profile_path": "/uk5l9JajYAlCJomZWFHnz7XZ5bP.jpg"
				},
				{
					"cast_id": 3,
					"character": "Boyse",
					"credit_id": "5692531f92514115bc001bbb",
					"gender": 1,
					"id": 1137824,
					"name": "Mia Goth",
					"order": 3,
					"profile_path": "/y3d90jZb8zsUel6viU4iIVpNBKL.jpg"
				},
				{
					"cast_id": 28,
					"character": "Nansen",
					"credit_id": "5ac38a820e0a260c4d038edd",
					"gender": 1,
					"id": 37982,
					"name": "Agata Buzek",
					"order": 4,
					"profile_path": "/5hDbyoCdPKyA2fmw17wYfjWxR2y.jpg"
				}
			],
			"director": 9888,
			"like_users": [],
			"poster_path": "https://image.tmdb.org/t/p/w600_and_h900_bestv2//wElOvH7H6sLElsTOLu1MY6oWRUx.jpg"
		}
	},
	{
		"model": "movies.movie",
		"pk": 338952,
		"fields": {
			"adult": false,
			"original_language": "en",
			"original_title": "Fantastic Beasts: The Crimes of Grindelwald",
			"overview": "마법 세계와 비마법 세계의 공존을 깨려고 했던 그린델왈드는 뉴트 스캐맨더(에디 레드메인)와 미국 마법부 의회에 의해 붙잡혔지만, 유럽으로 이송하는 과정에서 탈출하고 만다. 그린델왈드의 탈출 목적은 프랑스 파리에 머무는 것으로 추정되는 크레덴스(에즈라 밀러)를 포섭해 자신의 수하로 삼는 것. 영국으로 돌아왔던 뉴트는 덤블도어 교수(주드 로)로부터 자신은 나설 수 없으니 그린델왈드에 맞서달라는 지령을 받고 역시 파리로 향한다. 뉴트의 친구들, 제이콥(댄 포글러)과 퀴니(앨리슨 수돌), 그리고 오러로 복귀한 티나(캐서린 워터스턴)도 각자의 이유로 파리로 향하는데...",
			"release_date": "2018-11-14",
			"revenue": 653355901,
			"runtime": 134,
			"tagline": "미래를 바꿀 자 누구인가?",
			"title": "신비한 동물들과 그린델왈드의 범죄",
			"genres": [
				12
			],
			"casts": [
				37632,
				77795,
				998225,
				85,
				9642
			],
			"role_data": [
				{
					"cast_id": 2,
					"character": "Newt Scamander",
					"credit_id": "580513a392514170aa000e5c",
					"gender": 2,
					"id": 37632,
					"name": "Eddie Redmayne",
					"order": 0,
					"profile_path": "/6RpixQhyYym2PuQYUlSJ0tq7dah.jpg"
				},
				{
					"cast_id": 14,
					"character": "Porpentina \"Tina\" Goldstein",
					"credit_id": "58a20f9a92514170730001ba",
					"gender": 1,
					"id": 77795,
					"name": "Katherine Waterston",
					"order": 1,
					"profile_path": "/zgLVX4KJJ6hTD2niGLchkzjfWpJ.jpg"
				},
				{
					"cast_id": 15,
					"character": "Queenie Goldstein",
					"credit_id": "58a20ff3c3a3682fcc0001dd",
					"gender": 1,
					"id": 998225,
					"name": "Alison Sudol",
					"order": 2,
					"profile_path": "/w0ixLYjKN5I171bQ3XSsgW3Lte3.jpg"
				},
				{
					"cast_id": 12,
					"character": "Gellert Grindelwald",
					"credit_id": "58192ab692514133b100186f",
					"gender": 2,
					"id": 85,
					"name": "Johnny Depp",
					"order": 3,
					"profile_path": "/qUeeNvgI7gOjli8OqoNRGELtIPR.jpg"
				},
				{
					"cast_id": 23,
					"character": "Albus Dumbledore",
					"credit_id": "58ee854ac3a36847e1002c09",
					"gender": 2,
					"id": 9642,
					"name": "Jude Law",
					"order": 4,
					"profile_path": "/4077Cyuo1mw53u1gNjLyQkqeZN0.jpg"
				}
			],
			"director": 11343,
			"like_users": [],
			"poster_path": "https://image.tmdb.org/t/p/w600_and_h900_bestv2//6Ik5hJ6gOYvc5F1DdKQaAwamsKd.jpg"
		}
	},
	{
		"model": "movies.movie",
		"pk": 504172,
		"fields": {
			"adult": false,
			"original_language": "en",
			"original_title": "The Mule",
			"overview": "원예가로 스타 대접을 받는 얼(클린트 이스트우드)은 딸의 결혼식 대신 새로운 백합 품종을 소개하는 파티에 참석할 정도로 일을 우선시한 이기적인 남자다. 12년 후, 영광은 시대에 밀려 사라지고 농장은 경영난으로 문을 닫지만 얼 곁엔 아무도 남아 있지 않다. 가족 곁으로 돌아가고 싶지만 용기가 없던 찰나 멕시코 갱단의 마약 운반책 제안을 받은 얼은 그렇게 번 돈을 가족을 위해 쓰며 지난날의 과오를 바로잡으려 한다. 한편 마약 조직에 새로 나타난 정체불명의 운반책을 잡기 위해 고군분투 중인 특수요원 콜린(브래들리 쿠퍼)이 점차 포위망을 좁혀오는데...",
			"release_date": "2018-12-14",
			"revenue": 171304407,
			"runtime": 116,
			"tagline": "그 인생의 마지막 임무",
			"title": "라스트 미션",
			"genres": [
				80,
				18,
				53
			],
			"casts": [
				190,
				51329,
				2975,
				454,
				1902
			],
			"role_data": [
				{
					"cast_id": 5,
					"character": "Earl Stone",
					"credit_id": "5a7e41e1c3a36818ac000dcc",
					"gender": 2,
					"id": 190,
					"name": "Clint Eastwood",
					"order": 0,
					"profile_path": "/n8h4ZHteFFXfmzUW6OEaPWanDnm.jpg"
				},
				{
					"cast_id": 6,
					"character": "Agent Colin Bates",
					"credit_id": "5b1f62390e0a264fad015759",
					"gender": 2,
					"id": 51329,
					"name": "Bradley Cooper",
					"order": 1,
					"profile_path": "/w2iNEYKNuWzGfGzISeh4P6IiR4U.jpg"
				},
				{
					"cast_id": 9,
					"character": "Special Agent in Charge",
					"credit_id": "5b1f6272925141660801226f",
					"gender": 2,
					"id": 2975,
					"name": "Laurence Fishburne",
					"order": 2,
					"profile_path": "/8suOhUmPbfKqDQ17jQ1Gy0mI3P4.jpg"
				},
				{
					"cast_id": 8,
					"character": "Agent Treviño",
					"credit_id": "5b1f62620e0a264fa70131cc",
					"gender": 2,
					"id": 454,
					"name": "Michael Peña",
					"order": 3,
					"profile_path": "/oqlIKSglghuX7kSTalODn71nlOd.jpg"
				},
				{
					"cast_id": 10,
					"character": "Mary",
					"credit_id": "5b1f62879251416618014676",
					"gender": 1,
					"id": 1902,
					"name": "Dianne Wiest",
					"order": 4,
					"profile_path": "/sWm7Oar69rHGJzKgcP4iutwUmLb.jpg"
				}
			],
			"director": 190,
			"like_users": [],
			"poster_path": "https://image.tmdb.org/t/p/w600_and_h900_bestv2//uoP6ax0PqMTdd8b2jkpEXuEkqvi.jpg"
		}
	},
	{
		"model": "movies.movie",
		"pk": 404368,
		"fields": {
			"adult": false,
			"original_language": "en",
			"original_title": "Ralph Breaks the Internet",
			"overview": "각종 사고를 치며 게임 속 세상을 뒤집어 놨던 절친 주먹왕 ‘랄프’와 ‘바넬로피’는  버려질 위기에 처한 오락기 부품을 구하기 위해 와이파이를 타고 인터넷 세상에 접속한다. 얼떨결에 올린 동영상으로 순식간에 핵인싸에 등극한 ‘랄프’와 툴도 트랙도 없는 스릴만점 슬로터 레이스 게임에 참여하게 된 ‘바넬로피’ 지금껏 경험한 적 없는 엄청난 스케일과 새로운 재미에 흠뻑 빠진  ‘랄프’와 ‘바넬로피’는 랜섬웨어급 사고로 인터넷 세상을 혼란에 빠뜨리는데…  과연, 이들은 무사히 집에 돌아갈 수 있을까?",
			"release_date": "2018-11-20",
			"revenue": 473835027,
			"runtime": 112,
			"tagline": "오락실 게임 세상에 이어 이번엔 인터넷 세상이 발칵 뒤집힌다?!",
			"title": "주먹왕 랄프 2: 인터넷 속으로",
			"genres": [
				10751,
				16,
				35,
				14
			],
			"casts": [
				4764,
				7404,
				90633,
				40036,
				58737
			],
			"role_data": [
				{
					"cast_id": 126,
					"character": "Ralph (voice)",
					"credit_id": "5c9ea82f9251411a2503fbaa",
					"gender": 2,
					"id": 4764,
					"name": "John C. Reilly",
					"order": 0,
					"profile_path": "/kUo2TPQp4kOWWvijvkjLl0v9PQB.jpg"
				},
				{
					"cast_id": 127,
					"character": "Vanellope (voice)",
					"credit_id": "5c9ea884c3a3687352801171",
					"gender": 1,
					"id": 7404,
					"name": "Sarah Silverman",
					"order": 1,
					"profile_path": "/arNzJUPRCMx3n2NSpa5vuCio3yB.jpg"
				},
				{
					"cast_id": 128,
					"character": "Shank (voice)",
					"credit_id": "5c9eaaf59251411a2103fd40",
					"gender": 1,
					"id": 90633,
					"name": "Gal Gadot",
					"order": 2,
					"profile_path": "/jNEWJy8eXFcHyCozqfUqilektmA.jpg"
				},
				{
					"cast_id": 129,
					"character": "Yesss (voice)",
					"credit_id": "5c9eabc7c3a3687359800d75",
					"gender": 1,
					"id": 40036,
					"name": "Taraji P. Henson",
					"order": 3,
					"profile_path": "/rxnEvzGlRBsE94s7lC4cMAiLluH.jpg"
				},
				{
					"cast_id": 130,
					"character": "Felix (voice)",
					"credit_id": "5c9eac05c3a3687344801ceb",
					"gender": 2,
					"id": 58737,
					"name": "Jack McBrayer",
					"order": 4,
					"profile_path": "/nTvIqj2pRhQPaaxB1CUj7QipY8j.jpg"
				}
			],
			"director": 165787,
			"like_users": [],
			"poster_path": "https://image.tmdb.org/t/p/w600_and_h900_bestv2//54HHWP4Sqz22yKGM68kRQXCXXxS.jpg"
		}
	},
	{
		"model": "movies.movie",
		"pk": 280217,
		"fields": {
			"adult": false,
			"original_language": "en",
			"original_title": "The Lego Movie 2: The Second Part",
			"overview": "시스타 행성의 지멋대로 여왕의 지시로 듀플로 외계인들이 레고 마을을 침공한다. 어마무시 장군이 친구들을 납치하자 에밋은 우주로의 여행을 떠나는데… 에밋과 친구들의 대모험, 이번엔 우주다! 준비됐나요?",
			"release_date": "2019-01-26",
			"revenue": 190514361,
			"runtime": 106,
			"tagline": "외계인들에게 납치된 친구들을 구하러 우주로!",
			"title": "레고 무비 2",
			"genres": [
				28,
				12,
				16,
				35,
				10751,
				878,
				14
			],
			"casts": [
				73457,
				9281,
				21200,
				1230868,
				968367
			],
			"role_data": [
				{
					"cast_id": 56,
					"character": "Emmet Brickowski / Rex Dangervest (voice)",
					"credit_id": "5ab624bc9251413967006f66",
					"gender": 2,
					"id": 73457,
					"name": "Chris Pratt",
					"order": 0,
					"profile_path": "/gXKyT1YU5RWWPaE1je3ht58eUZr.jpg"
				},
				{
					"cast_id": 57,
					"character": "Lucy / Wyldstyle (voice)",
					"credit_id": "5ab624e5925141395500733c",
					"gender": 1,
					"id": 9281,
					"name": "Elizabeth Banks",
					"order": 1,
					"profile_path": "/t6sfUzvQkMZu3wh4LMNBFxEmiDy.jpg"
				},
				{
					"cast_id": 58,
					"character": "Batman (voice)",
					"credit_id": "5ab625170e0a261fe2007e73",
					"gender": 2,
					"id": 21200,
					"name": "Will Arnett",
					"order": 2,
					"profile_path": "/vHCqn3SHfSV6GOWrxzEtoDaSMoU.jpg"
				},
				{
					"cast_id": 61,
					"character": "Queen Watevra Wa'Nabi (voice)",
					"credit_id": "5ab6257a0e0a261ff4007a4f",
					"gender": 1,
					"id": 1230868,
					"name": "Tiffany Haddish",
					"order": 3,
					"profile_path": "/Avmv1YY7Qscz0TyWxhqFoS7BO5f.jpg"
				},
				{
					"cast_id": 64,
					"character": "General Mayhem (voice)",
					"credit_id": "5b15d353c3a368533700fb83",
					"gender": 1,
					"id": 968367,
					"name": "Stephanie Beatriz",
					"order": 4,
					"profile_path": "/aDERKj5dwtRzGPAYTPp9BPiqfHT.jpg"
				}
			],
			"director": 64151,
			"like_users": [],
			"poster_path": "https://image.tmdb.org/t/p/w600_and_h900_bestv2//if4POmDLhJX4Cgiddr1PudDhde8.jpg"
		}
	},
	{
		"model": "movies.movie",
		"pk": 337339,
		"fields": {
			"adult": false,
			"original_language": "en",
			"original_title": "The Fate of the Furious",
			"overview": "마침내 평화로운 일상으로 돌아온 리더 도미닉(빈 디젤)과 멤버들. 하지만 레티(미셸 로드리게스)와 쿠바에서 신혼을 만끽 중인 도미닉(빈 디젤)에게 불청객이 찾아온다. 전설적인 해커이자 테러 조직의 리더 사이퍼(샤를리즈 테론)는 도미닉을 협박해 자신의 명령을 따르게 한다. 멤버들은 도미닉이 사이퍼와 함께  사상 최악의 테러를 계획하고 있음을 알게 된다.  리더의 배신으로 위기에 놓인 멤버들은 한때 팀을 모두 전멸시키려 했던 데카드 쇼(제이슨 스타뎀)까지 영입해  최악의 적이 되어버린 도미닉과의 피할 수 없는 대결을 앞두게 되는데...",
			"release_date": "2017-04-12",
			"revenue": 1238764765,
			"runtime": 136,
			"tagline": "최강의 리더, 최악의 적이 되다",
			"title": "분노의 질주: 더 익스트림",
			"genres": [
				28,
				80,
				53
			],
			"casts": [
				12835,
				976,
				18918,
				17647,
				8169
			],
			"role_data": [
				{
					"cast_id": 0,
					"character": "Dominic Toretto",
					"credit_id": "553bb629c3a368784500aacb",
					"gender": 2,
					"id": 12835,
					"name": "Vin Diesel",
					"order": 0,
					"profile_path": "/7rwSXluNWZAluYMOEWBxkPmckES.jpg"
				},
				{
					"cast_id": 12,
					"character": "Deckard Shaw",
					"credit_id": "5595cbda9251414e06000173",
					"gender": 2,
					"id": 976,
					"name": "Jason Statham",
					"order": 1,
					"profile_path": "/PhWiWgasncGWD9LdbsGcmxkV4r.jpg"
				},
				{
					"cast_id": 1,
					"character": "Luke Hobbs",
					"credit_id": "553bb63fc3a368746200017c",
					"gender": 2,
					"id": 18918,
					"name": "Dwayne Johnson",
					"order": 2,
					"profile_path": "/kuqFzlYMc2IrsOyPznMd1FroeGq.jpg"
				},
				{
					"cast_id": 25,
					"character": "Letty Ortiz",
					"credit_id": "57a2a7a4c3a36832b80025c6",
					"gender": 1,
					"id": 17647,
					"name": "Michelle Rodriguez",
					"order": 3,
					"profile_path": "/v37VK0MNuRuJOCKPKJcZAJXRA5r.jpg"
				},
				{
					"cast_id": 27,
					"character": "Roman Pearce",
					"credit_id": "57a2a7b7c3a36833a6002589",
					"gender": 2,
					"id": 8169,
					"name": "Tyrese Gibson",
					"order": 4,
					"profile_path": "/a3tyF7QXgeEH0QuEuIzNZZ8oLNS.jpg"
				}
			],
			"director": 37932,
			"like_users": [],
			"poster_path": "https://image.tmdb.org/t/p/w600_and_h900_bestv2//h7tvYU9kN4pKjCIzUhf6PLNhQHT.jpg"
		}
	},
	{
		"model": "movies.movie",
		"pk": 1771,
		"fields": {
			"adult": false,
			"original_language": "en",
			"original_title": "Captain America: The First Avenger",
			"overview": "진주만 공습을 겪은 미국은 선전포고를 하고 제2차 세계대전에 발을 들인다. 스티브 로저스(크리스 에반스)는 왜소하고 마른 체격으로 인해 입대마저 번번히 거부당하지만, 포기를 모르는 근성과 강한 희생 정신을 인정받아 최고의 전사를 양성하는 슈퍼 솔져 프로젝트에 스카우트된다. 비밀리에 진행된 실험을 통해 가장 완벽한 육체와 인간의 한계를 초월한 신체 능력을 얻게 된 스티브는 모두에게 캡틴으로 불리며 영웅으로 새롭게 태어난다. 하지만 거대한 히드라 조직을 앞세운 적의 공격은 한층 막강해지고, 그 핵심에 선 레드 스컬은 인류를 위협하는 최후의 전투를 준비하는데...",
			"release_date": "2011-07-22",
			"revenue": 370569774,
			"runtime": 123,
			"tagline": "포기를 모르는 자, 최초의 슈퍼히어로로 깨어나다",
			"title": "퍼스트 어벤져",
			"genres": [
				28,
				12,
				878
			],
			"casts": [
				16828,
				39459,
				60898,
				2176,
				1331
			],
			"role_data": [
				{
					"cast_id": 5,
					"character": "Steve Rogers / Captain America",
					"credit_id": "52fe4313c3a36847f8038851",
					"gender": 2,
					"id": 16828,
					"name": "Chris Evans",
					"order": 0,
					"profile_path": "/7dUkkq1lK593XvOjunlUB11lKm1.jpg"
				},
				{
					"cast_id": 46,
					"character": "Peggy Carter",
					"credit_id": "52fe4313c3a36847f80388ef",
					"gender": 1,
					"id": 39459,
					"name": "Hayley Atwell",
					"order": 1,
					"profile_path": "/l2qU8PUX0z949O7L669UUxekQbQ.jpg"
				},
				{
					"cast_id": 11,
					"character": "James \"Bucky\" Barnes",
					"credit_id": "52fe4313c3a36847f8038869",
					"gender": 2,
					"id": 60898,
					"name": "Sebastian Stan",
					"order": 2,
					"profile_path": "/nrOrJWbPvzAbeMACxDeLNUA0Q9Q.jpg"
				},
				{
					"cast_id": 7,
					"character": "Col. Chester Phillips",
					"credit_id": "52fe4313c3a36847f8038859",
					"gender": 2,
					"id": 2176,
					"name": "Tommy Lee Jones",
					"order": 3,
					"profile_path": "/gRXugLFvr1oHZ6alLUxmYDq8cgW.jpg"
				},
				{
					"cast_id": 6,
					"character": "Johann Schmidt / Red Skull",
					"credit_id": "52fe4313c3a36847f8038855",
					"gender": 2,
					"id": 1331,
					"name": "Hugo Weaving",
					"order": 4,
					"profile_path": "/5uKbeYLagpNRVbmBUZ7Njnbsfvy.jpg"
				}
			],
			"director": 4945,
			"like_users": [],
			"poster_path": "https://image.tmdb.org/t/p/w600_and_h900_bestv2//fmD5UwELxKUgy7ULyVnIPjVrefL.jpg"
		}
	},
	{
		"model": "movies.movie",
		"pk": 375588,
		"fields": {
			"adult": false,
			"original_language": "en",
			"original_title": "Robin Hood",
			"overview": "돈과 권력을 앞세운 권력층으로 인해 모두가 힘들어진 시기.  전쟁에서 죽은 줄 알았던 귀족 가문의 스무살 청년 ‘로빈’이 나타난 뒤 부자들의 돈만 훔친다는 후드를 쓴 남자에 대한 소문이 들려온다. 정체를 알 수 없는 그에게 막대한 현상금이 걸리지만 번번이 잡는데 실패하고 신출귀몰한 후드의 활약에 사람들도 점차 동요하기 시작하는데…",
			"release_date": "2018-11-20",
			"revenue": 73260114,
			"runtime": 116,
			"tagline": "우리가 기다려온 새로운 영웅의 탄생! 세상을 뒤집을 통쾌한 한방이 시작된다.",
			"title": "후드",
			"genres": [
				12,
				28,
				53
			],
			"casts": [
				1303037,
				134,
				77335,
				933271,
				1254583
			],
			"role_data": [
				{
					"cast_id": 1,
					"character": "Robin of Loxley",
					"credit_id": "56d6123ec3a36870ac004726",
					"gender": 2,
					"id": 1303037,
					"name": "Taron Egerton",
					"order": 0,
					"profile_path": "/uCaPhyKAQIfEzAWWCYIrO2004CB.jpg"
				},
				{
					"cast_id": 2,
					"character": "Yahya / John",
					"credit_id": "56d61247c3a36870ac004728",
					"gender": 2,
					"id": 134,
					"name": "Jamie Foxx",
					"order": 1,
					"profile_path": "/hPwCMEq6jLAidsXAX5BfoYgIfg2.jpg"
				},
				{
					"cast_id": 4,
					"character": "Sheriff of Nottingham",
					"credit_id": "58bcc149c3a368668603dc1e",
					"gender": 2,
					"id": 77335,
					"name": "Ben Mendelsohn",
					"order": 2,
					"profile_path": "/6Uj2UDgZ0WDViCXN8wzOSz77vgH.jpg"
				},
				{
					"cast_id": 0,
					"character": "Marian",
					"credit_id": "56d61220c3a3681e4a01755c",
					"gender": 1,
					"id": 933271,
					"name": "Eve Hewson",
					"order": 3,
					"profile_path": "/Dj3osDr5zSP7uMtBBbbUeIgRMu.jpg"
				},
				{
					"cast_id": 3,
					"character": "Will Scarlet",
					"credit_id": "58bcc137925141607b045278",
					"gender": 2,
					"id": 1254583,
					"name": "Jamie Dornan",
					"order": 4,
					"profile_path": "/n4vK7CuElT0YIQi93nTgk3LsYW0.jpg"
				}
			],
			"director": 128276,
			"like_users": [],
			"poster_path": "https://image.tmdb.org/t/p/w600_and_h900_bestv2//bgclwqkAvhsn7a1MuIwHpXKQaSx.jpg"
		}
	},
	{
		"model": "movies.movie",
		"pk": 9703,
		"fields": {
			"adult": false,
			"original_language": "en",
			"original_title": "The Last Legion",
			"overview": "AD 460, 로마제국은 800여년간 강력한 통치력을 발휘하여, 동쪽으로는 메소포타미아, 서쪽으로는 이베리아 반도, 남쪽으로는 이집트, 북쪽으로는 라인강과 다뉴브강에 이르기까지 실로 제국이라 할 만한 맹위를 떨치고 있었다. 12살의 Romulus Augustus가 새 로마제국의 황제가 되는 전날, 바바리안(고트족)의 장군 Odoacer가 부대를 이끌고 로마시 외곽에 자리를 잡는다. 로마제국을 계속 지원하겠으니 자신들의 동남쪽지역 통치를 부정하지 말라는 조약을 맺기 위해 찾아온 것이다. 그러나 로마제국의 황제 Orestes는 이를 거절한다.  다음날 예정대로 Augustus는 새 황제가 되었다. 이때 전 황제 Orestes의 스승인 Ambrosinus가 로마제국의 위험을 예견한다. 그는 일종의 예언과 마법도 하는것으로 알려져 있는 사람이었다. 걱정이 된 아버지는 제4군단장인 Aurelius에게 어린 새 황제의 보호를 맡긴다. 그날 밤. Odoacer는 고트족 부대를 이끌고 축제로 들뜬 로마를 기습한다. 전 황제 Orestes와 아내 Julia를 죽인후 로마를 철저히 파괴한다.  어린황제 Augustus는 사로잡아 타이베리우스 황제가 세웠던 카프리의 감옥에 가둔다. 기습에서 살아남은 제4군단장 Aurelius는 남은 사람들을 모아 어린황제를 구하기 위해 카프리로 향한다. 비잔티움(콘스탄티노플)에서 왔다고 하는 Mira라는 여전사도 함께 떠난다. 구조대가 오고 있는동안, 감옥안에서 줄리어스 시저의 동상을 발견한 Augustus는 예언이 적혀있는 검을 발견한다. 그 예언은 브리타니아의 새 왕을 예견하는 검이었다.  카프리의 감옥에서 Augustus를 무사히 구한 구조대는 Orestes와 맞서 싸우기 위해 로마의 마지막 군단인 제9군단-용의 군단-을 찾아 브리타니아로 떠난다. 브리타니아에 도착한 그들은 제9군단의 흔적을 발견한다. 그리고 자신감을 잃어가는 한무리의 사람들이 그토록 찾아헤매던 제9군단임을 알게되는데...",
			"release_date": "2007-04-19",
			"revenue": 25303038,
			"runtime": 102,
			"tagline": "",
			"title": "마지막 군단",
			"genres": [
				28,
				12,
				14,
				10752
			],
			"casts": [
				5472,
				2282,
				87773,
				3064,
				9013
			],
			"role_data": [
				{
					"cast_id": 1,
					"character": "Aurelius",
					"credit_id": "52fe451ec3a36847f80bd993",
					"gender": 2,
					"id": 5472,
					"name": "Colin Firth",
					"order": 0,
					"profile_path": "/b2gBtLdzoDEYOqAv0Ahr4NXTHVt.jpg"
				},
				{
					"cast_id": 2,
					"character": "Ambrosinus",
					"credit_id": "52fe451ec3a36847f80bd997",
					"gender": 2,
					"id": 2282,
					"name": "Ben Kingsley",
					"order": 1,
					"profile_path": "/n0cVP5K2VxlohkAf7LoRwPt4xhu.jpg"
				},
				{
					"cast_id": 3,
					"character": "Mira",
					"credit_id": "52fe451ec3a36847f80bd99b",
					"gender": 1,
					"id": 87773,
					"name": "Aishwarya Rai Bachchan",
					"order": 2,
					"profile_path": "/3iSTsyBx5FwfbIrMJXMKFJ0eWlL.jpg"
				},
				{
					"cast_id": 4,
					"character": "Odoacer",
					"credit_id": "52fe451ec3a36847f80bd99f",
					"gender": 2,
					"id": 3064,
					"name": "Peter Mullan",
					"order": 3,
					"profile_path": "/7Y6oHcv719kfYxpWcYAE7wXzE7C.jpg"
				},
				{
					"cast_id": 5,
					"character": "Wulfila",
					"credit_id": "52fe451ec3a36847f80bd9a3",
					"gender": 2,
					"id": 9013,
					"name": "Kevin McKidd",
					"order": 4,
					"profile_path": "/KtmEKOSehmQ35JfGjEjpqlypbP.jpg"
				}
			],
			"director": 58656,
			"like_users": [],
			"poster_path": "https://image.tmdb.org/t/p/w600_and_h900_bestv2//7Nc8q21lPfpHEjBAfuI2P3pJcl2.jpg"
		}
	},
	{
		"model": "movies.movie",
		"pk": 76338,
		"fields": {
			"adult": false,
			"original_language": "en",
			"original_title": "Thor: The Dark World",
			"overview": "어벤져스의 뉴욕 사건 후, 다시 신들의 고향인 아스가르드 왕국으로 돌아간 토르(크리스 헴스워스)와 로키(톰 히들스턴). 지구를 위협한 로키는 지하 감옥에 갇히고, 토르는 아버지 오딘(안소니 홉킨스)과 함께 우주의 질서를 재정립하기 위해 나선다. 1년 후, 지구에 혼자 남은 제인(나탈리 포트만)은 우연히 태초부터 존재해왔던 어둠의 종족 다크 엘프의 무기 에테르를 얻게 된다. 이 사실을 안 다크엘프의 리더 말레키스는 에테르를 되찾기 위해 제인과 아스가르드를 공격하고, 토르는 사랑하는 여인 제인과 아스가르드 왕국을 지키기 위해 로키에게 위험한 동맹을 제안하게 된다.",
			"release_date": "2013-10-29",
			"revenue": 644571402,
			"runtime": 112,
			"tagline": "태초의 어둠에 맞서기 위한 위험한 동맹이 시작된다!",
			"title": "토르: 다크 월드",
			"genres": [
				28,
				12,
				14
			],
			"casts": [
				74568,
				524,
				91606,
				4173,
				2040
			],
			"role_data": [
				{
					"cast_id": 2,
					"character": "Thor Odinson",
					"credit_id": "52fe4932c3a368484e11f66f",
					"gender": 2,
					"id": 74568,
					"name": "Chris Hemsworth",
					"order": 0,
					"profile_path": "/lrhth7yK9p3vy6p7AabDUM1THKl.jpg"
				},
				{
					"cast_id": 3,
					"character": "Jane Foster",
					"credit_id": "52fe4932c3a368484e11f673",
					"gender": 1,
					"id": 524,
					"name": "Natalie Portman",
					"order": 1,
					"profile_path": "/jJcRWku3e9OHrmRqytn6WcBjhvh.jpg"
				},
				{
					"cast_id": 4,
					"character": "Loki",
					"credit_id": "52fe4932c3a368484e11f677",
					"gender": 2,
					"id": 91606,
					"name": "Tom Hiddleston",
					"order": 2,
					"profile_path": "/qB1lHPFBPIzw6I7EvsciZ5wyUNS.jpg"
				},
				{
					"cast_id": 17,
					"character": "Odin",
					"credit_id": "52fe4933c3a368484e11f6a5",
					"gender": 2,
					"id": 4173,
					"name": "Anthony Hopkins",
					"order": 3,
					"profile_path": "/9ukJS2QWTJ22HcwR1ktMmoJ6RSL.jpg"
				},
				{
					"cast_id": 12,
					"character": "Malekith",
					"credit_id": "52fe4933c3a368484e11f691",
					"gender": 2,
					"id": 2040,
					"name": "Christopher Eccleston",
					"order": 4,
					"profile_path": "/bx7RmVIxxuC1ZTGVIOuuvkP88OQ.jpg"
				}
			],
			"director": 47005,
			"like_users": [],
			"poster_path": "https://image.tmdb.org/t/p/w600_and_h900_bestv2//7Cf6P1bsgrRqpvjsNyMr74Dvm8g.jpg"
		}
	},
	{
		"model": "movies.movie",
		"pk": 450001,
		"fields": {
			"adult": false,
			"original_language": "cn",
			"original_title": "葉問外傳：張天志",
			"overview": "영춘권 일인자 엽문에게 패배한 뒤, 무술계를 떠나 아들과 함께 평범한 삶을 살아가던 ‘장천지’ 우연히 암흑 조직에 쫓기던 한 여자를 도와준 그는 이후 생계는 물론, 목숨마저 위협받게 된다. 술과 마약 등 불법 사업을 확장해나가던 조직이 장천지의 주변 사람들까지 죽음으로 몰고 가자 더 이상 참지 못한 그는 정의를 위해 최후의 결전을 벌이게 되는데…",
			"release_date": "2018-12-20",
			"revenue": 0,
			"runtime": 107,
			"tagline": "엽문에 가려진 또 한 명의 영춘권 마스터, 장천지 2월. 모두의 가슴을 뜨겁게 할 새로운 전설이 탄생한다!",
			"title": "엽문 외전",
			"genres": [
				28
			],
			"casts": [
				1183808,
				543530,
				1185787,
				78878,
				1620
			],
			"role_data": [
				{
					"cast_id": 0,
					"character": "Cheung Tin-Chi",
					"credit_id": "58decac8c3a3683cff0001e7",
					"gender": 2,
					"id": 1183808,
					"name": "Zhang Jin",
					"order": 0,
					"profile_path": "/8omAIhsLqoY2tQQE9uHmgooC84A.jpg"
				},
				{
					"cast_id": 3,
					"character": "Owen Davidson",
					"credit_id": "58decb199251415e5f000230",
					"gender": 2,
					"id": 543530,
					"name": "Dave Bautista",
					"order": 1,
					"profile_path": "/uwPQIsUdI4lEsrtqPqEgqeIpRo9.jpg"
				},
				{
					"cast_id": 14,
					"character": "Julia",
					"credit_id": "5c3b7ab19251411a58aac82b",
					"gender": 1,
					"id": 1185787,
					"name": "Liu Yan",
					"order": 2,
					"profile_path": "/iTimJWpWDGmnnPs13v7Fgy2mIpL.jpg"
				},
				{
					"cast_id": 15,
					"character": "Fu",
					"credit_id": "5c3b7abbc3a36869403ba0d7",
					"gender": 0,
					"id": 78878,
					"name": "Xing Yu",
					"order": 3,
					"profile_path": "/thV1sYGuyGe2DJhOJzxjZCiJDlx.jpg"
				},
				{
					"cast_id": 1,
					"character": "Sis Ha",
					"credit_id": "58decaf29251415e6a00021a",
					"gender": 1,
					"id": 1620,
					"name": "Michelle Yeoh",
					"order": 4,
					"profile_path": "/OhW6BfeZBRn7iupeI8elngV2EN.jpg"
				}
			],
			"director": 18899,
			"like_users": [],
			"poster_path": "https://image.tmdb.org/t/p/w600_and_h900_bestv2//oVrm99JDN7j5Zu2yKqTINIMXasC.jpg"
		}
	},
	{
		"model": "movies.movie",
		"pk": 400650,
		"fields": {
			"adult": false,
			"original_language": "en",
			"original_title": "Mary Poppins Returns",
			"overview": "체리트리 가 17번지에 살고 있는 마이클과 세 아이들은 아내와 엄마를 잃고, 집까지 빼앗길 위기에 처해 슬픔에 잠긴다. 어느 날, 바람의 방향이 바뀌고 마이클의 가족에게 다시 돌아온 ‘메리 포핀스’는 사랑스러운 마법으로 가득 찬 황홀한 경험을 선사하는데…",
			"release_date": "2018-12-13",
			"revenue": 348807090,
			"runtime": 131,
			"tagline": "모두가 기다려온 가장 황홀한 경험",
			"title": "메리 포핀스 리턴즈",
			"genres": [
				14,
				10751,
				35
			],
			"casts": [
				5081,
				1179651,
				17064,
				1246,
				1181403
			],
			"role_data": [
				{
					"cast_id": 3,
					"character": "Mary Poppins",
					"credit_id": "5751bd059251416b5d000032",
					"gender": 1,
					"id": 5081,
					"name": "Emily Blunt",
					"order": 0,
					"profile_path": "/jqlqq3knztTnty5rcMg5evqZRCa.jpg"
				},
				{
					"cast_id": 4,
					"character": "Jack",
					"credit_id": "5752b34fc3a3680e86001c5a",
					"gender": 2,
					"id": 1179651,
					"name": "Lin-Manuel Miranda",
					"order": 1,
					"profile_path": "/bbcQoeHiIe3BXwoqI23OkTRrfxb.jpg"
				},
				{
					"cast_id": 8,
					"character": "Michael Banks",
					"credit_id": "5888190cc3a36859e90079d8",
					"gender": 2,
					"id": 17064,
					"name": "Ben Whishaw",
					"order": 2,
					"profile_path": "/e74Cz65ifeNb9zHfUTvF5rTix0d.jpg"
				},
				{
					"cast_id": 7,
					"character": "Jane Banks",
					"credit_id": "588818f4c3a36859ec007700",
					"gender": 1,
					"id": 1246,
					"name": "Emily Mortimer",
					"order": 3,
					"profile_path": "/rdHrGCfnVcZkbOjfEDnWbk80X5Z.jpg"
				},
				{
					"cast_id": 12,
					"character": "Annabel Banks",
					"credit_id": "58a76a73c3a36850da0021b8",
					"gender": 1,
					"id": 1181403,
					"name": "Pixie Davies",
					"order": 4,
					"profile_path": "/h7a55vLzl1FUBtguBdF6V7QFy7G.jpg"
				}
			],
			"director": 17633,
			"like_users": [],
			"poster_path": "https://image.tmdb.org/t/p/w600_and_h900_bestv2//qHUAcbs57DXdCS2jvgNqqfq2L7.jpg"
		}
	},
	{
		"model": "movies.movie",
		"pk": 287424,
		"fields": {
			"adult": false,
			"original_language": "en",
			"original_title": "Maggie",
			"overview": "좀비 바이러스로 인해 폐허가 된 세상,  ‘웨이드’는 편지 한 통만을 남긴 채 갑자기 사라진 딸 ‘매기’를 찾아 헤맨다.  가까스로 찾은 ‘매기’는 좀비 바이러스에 감염된 상태.  그런 딸을 차마 격리시설에 보낼 수 없는 ‘웨이드’는 어렵사리 ‘매기’를 집으로 데려온다.  ‘웨이드’는 희망을 놓지 않고 ‘매기’를 지극 정성으로 보살피지만,  점점 좀비의 본능이 강해지는 ‘매기’로 인해 마을 사람들은 모두 불안에 떨고  그녀를 딸처럼 아끼던 새엄마 마저 집을 떠나고 만다.  결코 딸을 포기할 수 없는 아빠와, 아빠를 해칠까 두려운 딸.  이들은 어떤 선택을 하게 될까?",
			"release_date": "2015-05-08",
			"revenue": 187112,
			"runtime": 95,
			"tagline": "어느 날, 내 딸이 좀비가 되었다. 세상에서 가장 슬픈 좀비 이야기가 온다",
			"title": "매기",
			"genres": [
				27,
				18,
				9648
			],
			"casts": [
				1100,
				17140,
				20810,
				60881,
				129868
			],
			"role_data": [
				{
					"cast_id": 0,
					"character": "Wade Vogel",
					"credit_id": "53f244940e0a2675b80065df",
					"gender": 2,
					"id": 1100,
					"name": "Arnold Schwarzenegger",
					"order": 0,
					"profile_path": "/zooXFWF1JtrV7UnZyGRxXDW11qt.jpg"
				},
				{
					"cast_id": 1,
					"character": "Maggie Vogel",
					"credit_id": "53f2449f0e0a2675bf0065d9",
					"gender": 1,
					"id": 17140,
					"name": "Abigail Breslin",
					"order": 1,
					"profile_path": "/xGMMZ6XcOX5yjZhpdpzbGP7j5Fu.jpg"
				},
				{
					"cast_id": 2,
					"character": "Caroline",
					"credit_id": "53f244ad0e0a2675af00661d",
					"gender": 1,
					"id": 20810,
					"name": "Joely Richardson",
					"order": 2,
					"profile_path": "/fgjpKio6sMD5AxOWQwAdgJQErhm.jpg"
				},
				{
					"cast_id": 92,
					"character": "Ray",
					"credit_id": "58f3fe379251413d6e0198f0",
					"gender": 2,
					"id": 60881,
					"name": "Douglas M. Griffin",
					"order": 3,
					"profile_path": "/5QTBIsyxZRo21uYGtpGBxvkz6cB.jpg"
				},
				{
					"cast_id": 5,
					"character": "Holt",
					"credit_id": "551516ce925141045c004a41",
					"gender": 2,
					"id": 129868,
					"name": "J.D. Evermore",
					"order": 4,
					"profile_path": "/iNn9JV3Kk7VJ9ICYKdjgwFq8EpF.jpg"
				}
			],
			"director": 1354171,
			"like_users": [],
			"poster_path": "https://image.tmdb.org/t/p/w600_and_h900_bestv2//wOkgQgimnScuFCF50l69zzFkHQb.jpg"
		}
	},
	{
		"model": "movies.movie",
		"pk": 424694,
		"fields": {
			"adult": false,
			"original_language": "en",
			"original_title": "Bohemian Rhapsody",
			"overview": "공항 수하물 노동자로 일하며 음악의 꿈을 키우던 이민자 출신의 아웃사이더 파록 버사라. 보컬을 구하던 로컬 밴드에 들어가게 되면서 프레디 머큐리라는 이름으로 밴드 퀸을 이끌게 된다. 시대를 앞서가는 독창적인 음악과 화려한 퍼포먼스로 관중들을 사로잡으며 성장하던 퀸은 방송에서 외면을 받을 것이라는 음반사의 반대에도 불구하고 무려 6분 동안 이어지는 실험적인 곡 보헤미안 랩소디로 대성공을 거두며 월드스타 반열에 오른다. 그러나 독보적인 존재감을 뿜어내던 프레디는 솔로 데뷔라는 유혹에 흔들리게 되고, 오랜 시간 함께 해왔던 멤버들과 결별을 선언하게 되는데...",
			"release_date": "2018-10-24",
			"revenue": 835137710,
			"runtime": 134,
			"tagline": "나는 스타가 되지 않을 것이다, 전설이 될 것이다",
			"title": "보헤미안 랩소디",
			"genres": [
				18,
				10402
			],
			"casts": [
				17838,
				1220123,
				1452045,
				4787,
				86232
			],
			"role_data": [
				{
					"cast_id": 1,
					"character": "Freddie Mercury",
					"credit_id": "581f2697c3a3685faa003fb0",
					"gender": 2,
					"id": 17838,
					"name": "Rami Malek",
					"order": 0,
					"profile_path": "/zvBCjFmedqXRqa45jlLf6vBd9Nt.jpg"
				},
				{
					"cast_id": 3,
					"character": "Brian May",
					"credit_id": "599b3986c3a3681d4b003825",
					"gender": 2,
					"id": 1220123,
					"name": "Gwilym Lee",
					"order": 1,
					"profile_path": "/vM9amyDm5iNwIHPEvkpF1l8iH2Y.jpg"
				},
				{
					"cast_id": 2,
					"character": "Roger Taylor",
					"credit_id": "599b397192514127930037ca",
					"gender": 2,
					"id": 1452045,
					"name": "Ben Hardy",
					"order": 2,
					"profile_path": "/Bge1QhTCTziGLI63eua04kdTK9.jpg"
				},
				{
					"cast_id": 4,
					"character": "John Deacon",
					"credit_id": "599b3fbd9251412793003f28",
					"gender": 2,
					"id": 4787,
					"name": "Joseph Mazzello",
					"order": 3,
					"profile_path": "/44gsv7TlXOOKDGg5aRtqxZjM9ae.jpg"
				},
				{
					"cast_id": 5,
					"character": "Mary Austin",
					"credit_id": "5a29d184925141033611defd",
					"gender": 1,
					"id": 86232,
					"name": "Lucy Boynton",
					"order": 4,
					"profile_path": "/znBMEv0NmBewhZWHUopmzEIYVyY.jpg"
				}
			],
			"director": 9032,
			"like_users": [],
			"poster_path": "https://image.tmdb.org/t/p/w600_and_h900_bestv2//z0lKvIIJGzTBIa22aC0ZhxBxf23.jpg"
		}
	},
	{
		"model": "movies.movie",
		"pk": 335983,
		"fields": {
			"adult": false,
			"original_language": "en",
			"original_title": "Venom",
			"overview": "진실을 위해서라면 몸을 사리지 않고 사회의 부조리를 취재하는 정의로운 열혈 기자 에디 브록(톰 하디). 거대 기업 라이프 파운데이션의 생체실험에 의혹을 품고 뒤를 쫓던 그는 이들의 사무실에 잠입했다가 실험실에서 외계 생물체 심비오트의 기습 공격을 받게 된다. 심비오트가 숙주의 몸과 정신을 지배할 때 능력을 발휘하는 베놈은 에디의 몸에 기생하며 갖가지 소동을 일으킨다. 한편 비밀리에 인간과 심비오트를 결합해 새로운 생명체를 만들려는 시도를 계속하던 라이프 파운데이션의 회장 드레이크(리즈 아메드) 또한 심비오트의 숙주가 된다.",
			"release_date": "2018-09-28",
			"revenue": 855013954,
			"runtime": 112,
			"tagline": "영웅인가, 악당인가",
			"title": "베놈",
			"genres": [
				878,
				28
			],
			"casts": [
				2524,
				1812,
				53240,
				87954,
				81316
			],
			"role_data": [
				{
					"cast_id": 10,
					"character": "Eddie Brock / Venom",
					"credit_id": "591f425ac3a368774e039245",
					"gender": 2,
					"id": 2524,
					"name": "Tom Hardy",
					"order": 0,
					"profile_path": "/j1zJKn5dr3VQC3upjgHL68cnPcB.jpg"
				},
				{
					"cast_id": 13,
					"character": "Anne Weying",
					"credit_id": "59cbebd2c3a368773d017419",
					"gender": 1,
					"id": 1812,
					"name": "Michelle Williams",
					"order": 1,
					"profile_path": "/r4HQM2gO9Q7Ti7sJcRE4hcP8ddN.jpg"
				},
				{
					"cast_id": 12,
					"character": "Carlton Drake / Riot",
					"credit_id": "598f2d2b9251416723014730",
					"gender": 2,
					"id": 53240,
					"name": "Riz Ahmed",
					"order": 2,
					"profile_path": "/yWjuIP634unLBCB4XjSgmJs5QGC.jpg"
				},
				{
					"cast_id": 19,
					"character": "Security Chief Roland Treece",
					"credit_id": "5a30d4a40e0a264cbe180b27",
					"gender": 2,
					"id": 87954,
					"name": "Scott Haze",
					"order": 3,
					"profile_path": "/KiLRMH4Mzaobr7VnykbOPVQcfi.jpg"
				},
				{
					"cast_id": 15,
					"character": "Dr. Dan Lewis",
					"credit_id": "59e547cb92514145c0000cd3",
					"gender": 2,
					"id": 81316,
					"name": "Reid Scott",
					"order": 4,
					"profile_path": "/kBAeDUDA7XJRXFLGNALlpE5d3lA.jpg"
				}
			],
			"director": 91268,
			"like_users": [],
			"poster_path": "https://image.tmdb.org/t/p/w600_and_h900_bestv2//lc8TJW5z261JqSz3oSy5GES2ZXj.jpg"
		}
	},
	{
		"model": "movies.movie",
		"pk": 284052,
		"fields": {
			"adult": false,
			"original_language": "en",
			"original_title": "Doctor Strange",
			"overview": "오만함과 실력 모두 최고인 신경외과 의사 닥터 스티븐 스트레인지(베네딕트 컴버배치)는 운전 중에 핸드폰을 한 대가로 두 손의 신경이 끊어지는 심각한 부상을 입고 큰 상심에 빠진다. 게다가 모난 말들로 사랑하는 여인 크리스틴 팔머(레이첼 맥아담스)마저 그의 곁을 떠나게 만든다. 그는 치료를 위해 히말라야의 영적 지도자, 에인션트 원(틸다 스윈튼)을 만나 마지막 희망을 걸고 수련을 시작한다. 스트레인지는 빠르게 마법을 터득해 나가는 동시에 세계의 작동원리와 우주를 정복하려는 도르마무 일당의 계략을 알게 된다.",
			"release_date": "2016-10-25",
			"revenue": 677718395,
			"runtime": 115,
			"tagline": "당신이 알고 있는 현실이 뒤바뀐다",
			"title": "닥터 스트레인지",
			"genres": [
				28,
				12,
				14,
				878
			],
			"casts": [
				71580,
				5294,
				53714,
				30082,
				1019
			],
			"role_data": [
				{
					"cast_id": 0,
					"character": "Stephen Strange / Doctor Strange",
					"credit_id": "5450ef2e0e0a263a0a0043a0",
					"gender": 2,
					"id": 71580,
					"name": "Benedict Cumberbatch",
					"order": 0,
					"profile_path": "/wz3MRiMmoz6b5X3oSzMRC9nLxY1.jpg"
				},
				{
					"cast_id": 11,
					"character": "Baron Karl Mordo",
					"credit_id": "55a35ef1925141050700101c",
					"gender": 2,
					"id": 5294,
					"name": "Chiwetel Ejiofor",
					"order": 1,
					"profile_path": "/kq5DDnqqofoRI0t6ddtRlsJnNPT.jpg"
				},
				{
					"cast_id": 12,
					"character": "Dr. Christine Palmer",
					"credit_id": "5606d22492514130580020de",
					"gender": 1,
					"id": 53714,
					"name": "Rachel McAdams",
					"order": 2,
					"profile_path": "/wqSznVIPp0YDFCuZ9jjbrzDyJhV.jpg"
				},
				{
					"cast_id": 27,
					"character": "Wong",
					"credit_id": "56a1da51c3a36858c60127e3",
					"gender": 2,
					"id": 30082,
					"name": "Benedict Wong",
					"order": 3,
					"profile_path": "/iBzJ8s7GqgtRfGH3q0Ep5OKnaGf.jpg"
				},
				{
					"cast_id": 13,
					"character": "Kaecilius",
					"credit_id": "564c6ca2c3a3686037006d64",
					"gender": 2,
					"id": 1019,
					"name": "Mads Mikkelsen",
					"order": 4,
					"profile_path": "/oQBzMxGTMOIVrFGUqHnWK5lB61G.jpg"
				}
			],
			"director": 55499,
			"like_users": [],
			"poster_path": "https://image.tmdb.org/t/p/w600_and_h900_bestv2//znj607KGARz7dcNy5p0odxj17jU.jpg"
		}
	},
	{
		"model": "movies.movie",
		"pk": 440161,
		"fields": {
			"adult": false,
			"original_language": "en",
			"original_title": "The Sisters Brothers",
			"overview": "찰리와 엘리 시스터스 형제는 손에 피를 묻히고 산다. 청부살인이 직업이다. 형제는 파트너 존과 더불어 범죄자를 소탕하지만, 재미를 위해 살인을 하는 것은 아니다. 단지 일일 뿐이다. 동생 찰리가 이 일에 재능을 타고 난 반면, 엘리야는 평범한 삶을 꿈꾼다. 오레곤에서 캘리포니아까지, 새로운 추격이 시작된다.",
			"release_date": "2018-09-19",
			"revenue": 0,
			"runtime": 122,
			"tagline": "",
			"title": "시스터스 브라더스",
			"genres": [
				35,
				18,
				37
			],
			"casts": [
				4764,
				73421,
				131,
				53240,
				1631710
			],
			"role_data": [
				{
					"cast_id": 3,
					"character": "Eli Sisters",
					"credit_id": "58995cf992514113d600027e",
					"gender": 2,
					"id": 4764,
					"name": "John C. Reilly",
					"order": 0,
					"profile_path": "/kUo2TPQp4kOWWvijvkjLl0v9PQB.jpg"
				},
				{
					"cast_id": 2,
					"character": "Charlie Sisters",
					"credit_id": "58995cf192514113c1000282",
					"gender": 2,
					"id": 73421,
					"name": "Joaquin Phoenix",
					"order": 1,
					"profile_path": "/cK0BTrAM1xcsto8kVvHhd9AV8dW.jpg"
				},
				{
					"cast_id": 7,
					"character": "John Morris",
					"credit_id": "589ffb9b925141260f001668",
					"gender": 2,
					"id": 131,
					"name": "Jake Gyllenhaal",
					"order": 2,
					"profile_path": "/rRQVMj5ojWVvpmfqnzzspQ0Wrlh.jpg"
				},
				{
					"cast_id": 8,
					"character": "Hermann Kermit Warm",
					"credit_id": "58f647b1c3a368417d000a3a",
					"gender": 2,
					"id": 53240,
					"name": "Riz Ahmed",
					"order": 3,
					"profile_path": "/yWjuIP634unLBCB4XjSgmJs5QGC.jpg"
				},
				{
					"cast_id": 44,
					"character": "Mayfield",
					"credit_id": "5b72c8f8c3a368189d19ad9b",
					"gender": 0,
					"id": 1631710,
					"name": "Rebecca Root",
					"order": 4,
					"profile_path": "/OI0sAvj2oisk1BFqg8YHE921Vc.jpg"
				}
			],
			"director": 17496,
			"like_users": [],
			"poster_path": "https://image.tmdb.org/t/p/w600_and_h900_bestv2//7Tl2nZ6uvmxwK14Skbf9VFHEHpX.jpg"
		}
	},
	{
		"model": "movies.movie",
		"pk": 527261,
		"fields": {
			"adult": false,
			"original_language": "en",
			"original_title": "The Silence",
			"overview": "공포로 뒤덮인 세상. 열세 살 때 청력을 잃은 소녀 앨리(키어넌 십카)는 가족과 함께 외딴 피난처를 찾아간다. 하지만 그곳에서 앨리와 가족들은 고도로 발달한 앨리의 감각을 이용하려는 사악한 광신도 집단과 마주치는데...",
			"release_date": "2019-05-16",
			"revenue": 0,
			"runtime": 91,
			"tagline": "소리를 쫓아 인간을 사냥하는 의문의 침략자들이 나타난다",
			"title": "더 사일런스",
			"genres": [
				27,
				18,
				53,
				14
			],
			"casts": [
				2283,
				934289,
				502,
				38405,
				59794
			],
			"role_data": [
				{
					"cast_id": 1,
					"character": "Hugh Andrews",
					"credit_id": "5b0e740992514153d400303f",
					"gender": 2,
					"id": 2283,
					"name": "Stanley Tucci",
					"order": 0,
					"profile_path": "/omGlTJF2IW5r3L3c5y0qkCt3hFr.jpg"
				},
				{
					"cast_id": 0,
					"character": "Ally Andrews",
					"credit_id": "5b0e73f892514153e7002f42",
					"gender": 1,
					"id": 934289,
					"name": "Kiernan Shipka",
					"order": 1,
					"profile_path": "/dAXyueCuQ5ZH2dmJvh2CrVZVRLf.jpg"
				},
				{
					"cast_id": 2,
					"character": "Kelly Andrews",
					"credit_id": "5b0e74150e0a2671ab003355",
					"gender": 1,
					"id": 502,
					"name": "Miranda Otto",
					"order": 2,
					"profile_path": "/kfo21X43tOF7J3tNsiDuw7Z6GyV.jpg"
				},
				{
					"cast_id": 3,
					"character": "Glenn",
					"credit_id": "5b0e744bc3a368288b002200",
					"gender": 2,
					"id": 38405,
					"name": "John Corbett",
					"order": 3,
					"profile_path": "/r66d7CFycEOwzFnRlAgv5HX8r1R.jpg"
				},
				{
					"cast_id": 19,
					"character": "Lynn",
					"credit_id": "5cae84f00e0a2626cec177c7",
					"gender": 1,
					"id": 59794,
					"name": "Kate Trotter",
					"order": 4,
					"profile_path": "/oZVkfCYNLwsvfquox3hKm8xkmUN.jpg"
				}
			],
			"director": 26714,
			"like_users": [],
			"poster_path": "https://image.tmdb.org/t/p/w600_and_h900_bestv2//lTVOquzxw2DPF3MKuYd1ynz9F6H.jpg"
		}
	},
	{
		"model": "movies.movie",
		"pk": 454294,
		"fields": {
			"adult": false,
			"original_language": "en",
			"original_title": "The Kid Who Would Be King",
			"overview": "바위에 꽂힌 미스터리한 검을 발견한 ‘알렉스’(루이스 서키스). 득템의 기쁨도 잠시, 다크포스 풍기는 마법 존재들의 공격에서 가까스로 위기를 모면한다. 마법사 ‘멀린’(패트릭 스튜어트)은 ‘알렉스’가 미래를 구할 왕이 될 아이라 말하고, 레알 베프와 무늬만 친구였던 아이들을 모아 최악의 마녀 ‘모가나’(레베카 퍼거슨)와 싸워야 한다. 최 연 소 초딩 히어로의 탄생• 절대악에 맞서 세상을 구하라!",
			"release_date": "2019-01-16",
			"revenue": 0,
			"runtime": 120,
			"tagline": "마음만은 핵인싸, 존재감 제로 아싸 소년 ‘알렉스’ 전설의 레전템 엑스칼리버를 득템하다!",
			"title": "왕이 될 아이",
			"genres": [
				28,
				12,
				14,
				10751
			],
			"casts": [
				1742624,
				1182597,
				221980,
				2387,
				933238
			],
			"role_data": [
				{
					"cast_id": 23,
					"character": "Alexander \"Alex\" Elliot",
					"credit_id": "5c28219c92514138d7bfc036",
					"gender": 2,
					"id": 1742624,
					"name": "Louis Ashbourne Serkis",
					"order": 0,
					"profile_path": "/fOzGH1vPHCNoZp4ASgW5lMHUmdc.jpg"
				},
				{
					"cast_id": 6,
					"character": "Mrs. Elliot",
					"credit_id": "59e5de07c3a36865f1008689",
					"gender": 1,
					"id": 1182597,
					"name": "Denise Gough",
					"order": 1,
					"profile_path": "/u275yns3TrTQNa27WdUex3pwbWI.jpg"
				},
				{
					"cast_id": 18,
					"character": "Mr. Kepler",
					"credit_id": "5c151b2e92514132ba0ab7e2",
					"gender": 2,
					"id": 221980,
					"name": "Nathan Stewart-Jarrett",
					"order": 2,
					"profile_path": "/rm2JvbdCKYbiS6cf2Sk8YA1fnFi.jpg"
				},
				{
					"cast_id": 4,
					"character": "Old Merlin",
					"credit_id": "59e5ddec925141024e00897f",
					"gender": 2,
					"id": 2387,
					"name": "Patrick Stewart",
					"order": 3,
					"profile_path": "/wEy5qSDT5jT3ZASc2hbwi59voPL.jpg"
				},
				{
					"cast_id": 5,
					"character": "Morgana",
					"credit_id": "59e5ddfa925141024e008992",
					"gender": 1,
					"id": 933238,
					"name": "Rebecca Ferguson",
					"order": 4,
					"profile_path": "/dbIS4S32rrIJyEysx7huT6ZAmjN.jpg"
				}
			],
			"director": 155531,
			"like_users": [],
			"poster_path": "https://image.tmdb.org/t/p/w600_and_h900_bestv2//dHAuBMp69Oz9HiHi7RjxGyOIl0f.jpg"
		}
	},
	{
		"model": "movies.movie",
		"pk": 122917,
		"fields": {
			"adult": false,
			"original_language": "en",
			"original_title": "The Hobbit: The Battle of the Five Armies",
			"overview": "빌보 배긴스와 참나무 방패 소린, 난쟁이 족이 떠난 거대한 여정의 끝에 난쟁이 족은 원래 자신들의 터전이던 에레보르에 있는 엄청난 보물을 되찾지만 이는 무시무시한 용 스마우그가 호수마을의 무기력한 주민들을 공격하게 되는 결과를 낳는다. 소린은 탐욕에 서서히 눈이 멀어 우정과 명예를 저버린 채 왕의 보물 아르켄스톤을 찾는다. 암흑의 군주 사우론은 오크 군대를 보내 외로운 산에 기습 공격을 감행한다. 마침내 다섯 군대의 전투가 시작되고 빌보는 본인과 친구들의 목숨을 걸고 싸워야만 하는데...",
			"release_date": "2014-12-10",
			"revenue": 956019788,
			"runtime": 144,
			"tagline": "마침내 거대한 여정이 끝난다",
			"title": "호빗: 다섯 군대 전투",
			"genres": [
				28,
				12,
				14
			],
			"casts": [
				7060,
				1327,
				30315,
				19034,
				114019
			],
			"role_data": [
				{
					"cast_id": 10,
					"character": "Bilbo Baggins",
					"credit_id": "52fe4a87c3a368484e158b93",
					"gender": 2,
					"id": 7060,
					"name": "Martin Freeman",
					"order": 0,
					"profile_path": "/EOujE6oH4TdqShKWfsiBaup4FS.jpg"
				},
				{
					"cast_id": 20,
					"character": "Gandalf",
					"credit_id": "52fe4a87c3a368484e158bb7",
					"gender": 2,
					"id": 1327,
					"name": "Ian McKellen",
					"order": 1,
					"profile_path": "/coWjgMEYJjk2OrNddlXCBm8EIr3.jpg"
				},
				{
					"cast_id": 17,
					"character": "Thorin Oakenshield",
					"credit_id": "52fe4a87c3a368484e158bab",
					"gender": 2,
					"id": 30315,
					"name": "Richard Armitage",
					"order": 2,
					"profile_path": "/m20NkRrJ5sLrteiCcXJKxGXMCso.jpg"
				},
				{
					"cast_id": 41,
					"character": "Tauriel",
					"credit_id": "52fe4a88c3a368484e158c0b",
					"gender": 1,
					"id": 19034,
					"name": "Evangeline Lilly",
					"order": 3,
					"profile_path": "/h8Lerr3D362n1jZvywtbvUzgBIN.jpg"
				},
				{
					"cast_id": 13,
					"character": "Bard",
					"credit_id": "52fe4a87c3a368484e158b9b",
					"gender": 2,
					"id": 114019,
					"name": "Luke Evans",
					"order": 4,
					"profile_path": "/1d31uDYub8TaLOPWfgX78OotduD.jpg"
				}
			],
			"director": 108,
			"like_users": [],
			"poster_path": "https://image.tmdb.org/t/p/w600_and_h900_bestv2//6MKC4xwo4JhaVvblsGdUgjKYFbS.jpg"
		}
	},
	{
		"model": "movies.movie",
		"pk": 513083,
		"fields": {
			"adult": false,
			"original_language": "en",
			"original_title": "Wine Country",
			"overview": "50번째 생일을 맞은 여인. 오랜 여자 친구들이 그날을 축하하기 위해 여행을 떠난다. 하지만 변치 않을 우정은 개뿔, 애증의 판도라 상자가 열렸다! 우리, 아직 친구 맞니?",
			"release_date": "2019-05-08",
			"revenue": 0,
			"runtime": 103,
			"tagline": "",
			"title": "와인 컨트리",
			"genres": [
				35
			],
			"casts": [
				56322,
				52792,
				32905,
				86267,
				1226294
			],
			"role_data": [
				{
					"cast_id": 5,
					"character": "Abby",
					"credit_id": "5ab1834dc3a36861b5016478",
					"gender": 1,
					"id": 56322,
					"name": "Amy Poehler",
					"order": 0,
					"profile_path": "/uMGW762oDZbR8jhFJRImJ1ls5cd.jpg"
				},
				{
					"cast_id": 9,
					"character": "Naomi",
					"credit_id": "5ab183730e0a2676d0016cc2",
					"gender": 1,
					"id": 52792,
					"name": "Maya Rudolph",
					"order": 1,
					"profile_path": "/qLDuXku39c4uwVf3h2GjFqwZqik.jpg"
				},
				{
					"cast_id": 6,
					"character": "Rebecca",
					"credit_id": "5ab1835f92514111c7014b74",
					"gender": 1,
					"id": 32905,
					"name": "Rachel Dratch",
					"order": 2,
					"profile_path": "/cpolsNyqHEY7fUaKflr04VaYWLG.jpg"
				},
				{
					"cast_id": 7,
					"character": "Catherine",
					"credit_id": "5ab1836492514111c7014b7b",
					"gender": 1,
					"id": 86267,
					"name": "Ana Gasteyer",
					"order": 3,
					"profile_path": "/qQFpdPCWSizEc1iNnzTyQ8KDSuJ.jpg"
				},
				{
					"cast_id": 8,
					"character": "Val",
					"credit_id": "5ab1836c0e0a2676de0172d9",
					"gender": 1,
					"id": 1226294,
					"name": "Paula Pell",
					"order": 4,
					"profile_path": "/rsGZfTkEydD1lYGpPwLgfXiLUn3.jpg"
				}
			],
			"director": 56322,
			"like_users": [],
			"poster_path": "https://image.tmdb.org/t/p/w600_and_h900_bestv2//mi5l29DQFdwrTXxbqM2OLbs830H.jpg"
		}
	},
	{
		"model": "movies.movie",
		"pk": 347375,
		"fields": {
			"adult": false,
			"original_language": "en",
			"original_title": "Mile 22",
			"overview": "군사, 외교의 사각지대에서 임무를 수행하는 실패율 제로의 비밀조직 ‘오버워치’. 그들에게 전 세계 6개 주요 도시의 테러를 막을 수 있는 유일한 정보를 지닌 ‘타겟’이 접근한다. 22마일 떨어진 안전한 장소로 ‘타겟’을 이동시키는 새로운 작전이 시작되고, 타겟을 노리는 적들의 거센 공격이 가해지자 오버워치 팀원들은 작전 성공을 위해 자신들의 목숨을 바꿔가며 1마일씩 이송작전을 수행한다. 적을 뚫고 목적지에 가까워질수록 궁지에 몰리게 된 오버워치 앞에 타겟의 숨겨진 미션이 드러나게 되면서 또 다른 위기를 맞게 되는데…",
			"release_date": "2018-08-16",
			"revenue": 0,
			"runtime": 95,
			"tagline": "목숨을 건 이송작전, 1마일마다 적을 뚫고 타겟을 운반하라!",
			"title": "마일 22",
			"genres": [
				28
			],
			"casts": [
				13240,
				62220,
				113732,
				6949,
				997887
			],
			"role_data": [
				{
					"cast_id": 4,
					"character": "James Silva",
					"credit_id": "5596dae09251410c0b00006f",
					"gender": 2,
					"id": 13240,
					"name": "Mark Wahlberg",
					"order": 0,
					"profile_path": "/z2wJh5n7qZRUE1y9uB8UrivAV2b.jpg"
				},
				{
					"cast_id": 6,
					"character": "Alice Kerr",
					"credit_id": "5a6bd958c3a3685547001889",
					"gender": 1,
					"id": 62220,
					"name": "Lauren Cohan",
					"order": 1,
					"profile_path": "/5W4AV3ZXn38NlEMqPy9QPjwRRz8.jpg"
				},
				{
					"cast_id": 3,
					"character": "Li Noor",
					"credit_id": "5596dad49251410c08000084",
					"gender": 2,
					"id": 113732,
					"name": "Iko Uwais",
					"order": 2,
					"profile_path": "/88pugc3eLWksrR4AcufCEnCsQ7J.jpg"
				},
				{
					"cast_id": 7,
					"character": "Bishop",
					"credit_id": "5a6bd95f0e0a265efb001a1d",
					"gender": 2,
					"id": 6949,
					"name": "John Malkovich",
					"order": 3,
					"profile_path": "/tCtiWZbKKRgHhLxFCIPfveYAsdc.jpg"
				},
				{
					"cast_id": 2,
					"character": "Sam Snow",
					"credit_id": "5596dab39251410c15000053",
					"gender": 1,
					"id": 997887,
					"name": "Ronda Jean Rousey",
					"order": 4,
					"profile_path": "/5eGHTV1bLOdajC4Z3pnIdSiptSG.jpg"
				}
			],
			"director": 36602,
			"like_users": [],
			"poster_path": "https://image.tmdb.org/t/p/w600_and_h900_bestv2//kMDHzgfFNkG2Ih9wsW3TAyGgj7I.jpg"
		}
	},
	{
		"model": "movies.movie",
		"pk": 442249,
		"fields": {
			"adult": false,
			"original_language": "en",
			"original_title": "The First Purge",
			"overview": "미국의 공포 스릴러 영화 《더 퍼지》 시리즈의 4번째 작품. 더 퍼지의 프리퀄 이야기를 그린다. 분명 인기가 없었다면 네 번째 시리즈까지 만들어지지 않았을 편부터 특유의 잔인하고 폭력적인 소재와 화제가 됐던 영화이다.",
			"release_date": "2018-07-04",
			"revenue": 41953945,
			"runtime": 97,
			"tagline": "잔인한 상상력이 주는 강력한 호기심",
			"title": "더 퍼스트 퍼지",
			"genres": [
				28,
				878,
				53,
				27
			],
			"casts": [
				1694278,
				1568053,
				1376875,
				2081439,
				141610
			],
			"role_data": [
				{
					"cast_id": 1,
					"character": "Dmitri",
					"credit_id": "59ec1bb192514119fc00436a",
					"gender": 0,
					"id": 1694278,
					"name": "Y'lan Noel",
					"order": 0,
					"profile_path": "/hVR9aDPZUZSF4EGgGlDVST58IUA.jpg"
				},
				{
					"cast_id": 2,
					"character": "Nya",
					"credit_id": "59ec1bd292514119fc004380",
					"gender": 1,
					"id": 1568053,
					"name": "Lex Scott Davis",
					"order": 1,
					"profile_path": "/1wRPphyIwofYWq7ztHr9Q2FAz8R.jpg"
				},
				{
					"cast_id": 71,
					"character": "Isaiah",
					"credit_id": "5b43f427c3a36840b30252cc",
					"gender": 0,
					"id": 1376875,
					"name": "Joivan Wade",
					"order": 2,
					"profile_path": "/57FcULDEtQrgsD1JojHazhspg7u.jpg"
				},
				{
					"cast_id": 72,
					"character": "Dolores",
					"credit_id": "5b43f435c3a3684099027a99",
					"gender": 0,
					"id": 2081439,
					"name": "Mugga",
					"order": 3,
					"profile_path": "/a5z981Z6apRqniUM8EjInlrAUmI.jpg"
				},
				{
					"cast_id": 74,
					"character": "Luisa",
					"credit_id": "5b43f4970e0a267126022853",
					"gender": 1,
					"id": 141610,
					"name": "Lauren Vélez",
					"order": 4,
					"profile_path": "/xZiNlLg9E2zgRSewE1BeWUlaqYO.jpg"
				}
			],
			"director": 1709468,
			"like_users": [],
			"poster_path": "https://image.tmdb.org/t/p/w600_and_h900_bestv2//litjsBoiydO6JlO70uOX4N3WnNL.jpg"
		}
	},
	{
		"model": "movies.movie",
		"pk": 449562,
		"fields": {
			"adult": false,
			"original_language": "en",
			"original_title": "The Hustle",
			"overview": "",
			"release_date": "2019-05-09",
			"revenue": 0,
			"runtime": 94,
			"tagline": "",
			"title": "허슬",
			"genres": [
				35
			],
			"casts": [
				221581,
				1813,
				136127,
				222051,
				1232063
			],
			"role_data": [
				{
					"cast_id": 0,
					"character": "Penny Rust",
					"credit_id": "58dbe5d7c3a3687d1d00d4b2",
					"gender": 1,
					"id": 221581,
					"name": "Rebel Wilson",
					"order": 0,
					"profile_path": "/yuyRg1WaY616Uux3vP9ONsUjQTS.jpg"
				},
				{
					"cast_id": 1,
					"character": "Josephine Chesterfield",
					"credit_id": "58dbe5df925141337d00e5a6",
					"gender": 1,
					"id": 1813,
					"name": "Anne Hathaway",
					"order": 1,
					"profile_path": "/tLelKoPNiyJCSEtQTz1FGv4TLGc.jpg"
				},
				{
					"cast_id": 6,
					"character": "Thomas Westerburg",
					"credit_id": "5a7564a792514105a602cc06",
					"gender": 2,
					"id": 136127,
					"name": "Alex Sharp",
					"order": 3,
					"profile_path": "/ftqQYITPFSBOl94cUycoPpxix6j.jpg"
				},
				{
					"cast_id": 22,
					"character": "Brigitte Desjardins",
					"credit_id": "5b368cf90e0a26401102f0f0",
					"gender": 1,
					"id": 222051,
					"name": "Ingrid Oliver",
					"order": 4,
					"profile_path": "/5DO6g6PqjQEK8YSWPIHxgONErFm.jpg"
				},
				{
					"cast_id": 21,
					"character": "Cathy",
					"credit_id": "5b368bacc3a368533502edaf",
					"gender": 0,
					"id": 1232063,
					"name": "Emma Davies",
					"order": 5,
					"profile_path": null
				}
			],
			"director": 91493,
			"like_users": [],
			"poster_path": "https://image.tmdb.org/t/p/w600_and_h900_bestv2//qibqW5Dnvqp4hcEnoTARbQgxwJy.jpg"
		}
	},
	{
		"model": "movies.movie",
		"pk": 487558,
		"fields": {
			"adult": false,
			"original_language": "en",
			"original_title": "BlacKkKlansman",
			"overview": "1970년대 초반, 흑인으로는 처음으로 콜로라도 스프링스의 경찰관이 된 론 스털워스(존 데이비드 워싱턴)는 변화를 만들기로 결심하고, 용기있게 위험한 미션을 행한다. KKK단에 잠입하여 그들의 실체를 드러내는 것. 그는 노련한 동료 플립 짐머맨(아담 드라이버)을 이 비밀 수사에 합류시킨다. 함께 뭉친 이들은 주류사회의 지지를 얻고자 하는 극단주의자 단체를 무너뜨리고자 하는데...",
			"release_date": "2018-07-30",
			"revenue": 48686605,
			"runtime": 135,
			"tagline": "선구적인 연출가 스파이크 리 감독이 아메리칸 히어로의 놀라운 실화로 돌아왔다",
			"title": "블랙클랜스맨",
			"genres": [
				80,
				18
			],
			"casts": [
				1117313,
				1023139,
				1606394,
				17052,
				82857
			],
			"role_data": [
				{
					"cast_id": 11,
					"character": "Ron Stallworth",
					"credit_id": "5a0eaa5092514138ed00c154",
					"gender": 2,
					"id": 1117313,
					"name": "John David Washington",
					"order": 0,
					"profile_path": "/27C77ni5XmlgkJVbomXPC4tHWVd.jpg"
				},
				{
					"cast_id": 6,
					"character": "Flip Zimmerman",
					"credit_id": "5a0eaa2492514138f900bad9",
					"gender": 2,
					"id": 1023139,
					"name": "Adam Driver",
					"order": 1,
					"profile_path": "/rsjwgpV2OukxOJ9HEiEyf4qu1vR.jpg"
				},
				{
					"cast_id": 7,
					"character": "Patrice Dumas",
					"credit_id": "5a0eaa2bc3a368627d00d841",
					"gender": 1,
					"id": 1606394,
					"name": "Laura Harrier",
					"order": 2,
					"profile_path": "/k3rnbeFB4GEp9vOvgdZ33M2IEHq.jpg"
				},
				{
					"cast_id": 8,
					"character": "David Duke",
					"credit_id": "5a0eaa31c3a368628900bb38",
					"gender": 2,
					"id": 17052,
					"name": "Topher Grace",
					"order": 3,
					"profile_path": "/oJQxl4DG0KSCtOGrpWNhYz9gUZA.jpg"
				},
				{
					"cast_id": 15,
					"character": "Felix Kendrickson",
					"credit_id": "5a0eaa86c3a368628300c8c4",
					"gender": 2,
					"id": 82857,
					"name": "Jasper Pääkkönen",
					"order": 4,
					"profile_path": "/aZZy9NQEZdhlXWS2i8N00gxW6LU.jpg"
				}
			],
			"director": 5281,
			"like_users": [],
			"poster_path": "https://image.tmdb.org/t/p/w600_and_h900_bestv2//3ntR66u2SHZ2UA3r3DjF2Dl6Kwx.jpg"
		}
	},
	{
		"model": "movies.movie",
		"pk": 490132,
		"fields": {
			"adult": false,
			"original_language": "en",
			"original_title": "Green Book",
			"overview": "1962년 미국, 입담과 주먹만 믿고 살아가던 토니 발레롱가(비고 모텐슨)는 교양과 우아함 그 자체인 천재 피아니스트 돈 셜리(마허샬라 알리)의 운전기사 면접을 보게 된다. 백악관에도 초청되는 등 미국 전역에서 콘서트 요청을 받으며 명성을 떨치고 있는 돈 셜리는 위험하기로 소문난 미국 남부 투어 공연을 떠나기로 결심하고, 투어 기간 동안 자신의 보디가드 겸 운전기사로 토니를 고용한다. 거친 인생을 살아온 토니와 교양과 기품을 지키며 살아온 돈. 생각, 행동, 말투, 취향까지 달라도 너무 다른 두 사람은 그들을 위한 여행안내서 그린북에 의존해 특별한 남부 투어를 시작하는데...",
			"release_date": "2018-11-16",
			"revenue": 63005401,
			"runtime": 130,
			"tagline": "삶을 변화시키는 인생가이드",
			"title": "그린북",
			"genres": [
				18,
				35
			],
			"casts": [
				110,
				932967,
				1817,
				1613744,
				130532
			],
			"role_data": [
				{
					"cast_id": 2,
					"character": "Frank \"Tony Lip\" Vallelonga",
					"credit_id": "5a209bd49251410336099cb5",
					"gender": 2,
					"id": 110,
					"name": "Viggo Mortensen",
					"order": 0,
					"profile_path": "/kIyavVDiV6veUbxxxhjITtFLdDY.jpg"
				},
				{
					"cast_id": 1,
					"character": "Don Shirley",
					"credit_id": "5a209bc7925141032409722c",
					"gender": 2,
					"id": 932967,
					"name": "Mahershala Ali",
					"order": 1,
					"profile_path": "/y9mf12rlZBlVJS6JYuCPpjTaLT6.jpg"
				},
				{
					"cast_id": 3,
					"character": "Dolores Vallelonga",
					"credit_id": "5a209bdc0e0a264cbe09699d",
					"gender": 1,
					"id": 1817,
					"name": "Linda Cardellini",
					"order": 2,
					"profile_path": "/iwmPwZARlFIKOqwEVuYIgPOc4WX.jpg"
				},
				{
					"cast_id": 30,
					"character": "Oleg",
					"credit_id": "5b731dfb0e0a267ee71c7fb6",
					"gender": 2,
					"id": 1613744,
					"name": "Dimiter D. Marinov",
					"order": 3,
					"profile_path": "/e3SuZocZ8zecdupC4UzMugudz2a.jpg"
				},
				{
					"cast_id": 33,
					"character": "George",
					"credit_id": "5b731e3292514140681b286c",
					"gender": 0,
					"id": 130532,
					"name": "Mike Hatton",
					"order": 4,
					"profile_path": "/8D7L74LBvyfprQhI476dYuTiMRo.jpg"
				}
			],
			"director": 7396,
			"like_users": [],
			"poster_path": "https://image.tmdb.org/t/p/w600_and_h900_bestv2//hQw6PEX5t8I869GNiuz72EDsTuz.jpg"
		}
	},
	{
		"model": "movies.movie",
		"pk": 671,
		"fields": {
			"adult": false,
			"original_language": "en",
			"original_title": "Harry Potter and the Philosopher's Stone",
			"overview": "해리 포터(다니엘 래드클리프 분)는 위압적인 버논 숙부(리챠드 그리피스 분)와 냉담한 이모 페투니아 (피오나 쇼 분), 욕심 많고 버릇없는 사촌 더즐리(해리 멜링 분) 밑에서 갖은 구박을 견디며 계단 밑 벽장에서 생활한다. 이모네 식구들 역시 해리와의 동거가 불편하기는 마찬가지. 이모 페투니아에겐 해리가 이상한(?) 언니 부부에 관한 기억을 떠올리게 만드는 달갑지 않은 존재다. 11살 생일이 며칠 앞으로 다가왔지만 한번도 생일파티를 치르거나 제대로 된 생일선물을 받아 본 적이 없는 해리로서는 특별히 신날 것도 기대 할 것도 없다. 11살 생일을 며칠 앞둔 어느 날 해리에게 초록색 잉크로 쓰여진 한 통의 편지가 배달된다. 그 편지의 내용은 다름 아닌 해리의 11살 생일을 맞이하여 전설적인“호그와트 마법학교”에서 보낸 입학초대장이었다. 그리고 해리의 생일을 축하하러 온 거인 해그리드는 해리가 모르고 있었던 해리의 진정한 정체를 알려주는데. 그것은 바로 해리가 굉장한 능력을 지닌 마법사라는 것!",
			"release_date": "2001-11-16",
			"revenue": 976475550,
			"runtime": 152,
			"tagline": "마법이 시작된다!",
			"title": "해리 포터와 마법사의 돌",
			"genres": [
				12,
				14,
				10751
			],
			"casts": [
				10980,
				10989,
				10990,
				194,
				10993
			],
			"role_data": [
				{
					"cast_id": 27,
					"character": "Harry Potter",
					"credit_id": "52fe4267c3a36847f801be91",
					"gender": 2,
					"id": 10980,
					"name": "Daniel Radcliffe",
					"order": 0,
					"profile_path": "/kMSMa5tR43TLMR14ahU1neFVytz.jpg"
				},
				{
					"cast_id": 37,
					"character": "Ron Weasley",
					"credit_id": "52fe4267c3a36847f801beb9",
					"gender": 2,
					"id": 10989,
					"name": "Rupert Grint",
					"order": 1,
					"profile_path": "/dFVVJufva2zUSP6WS0pFfR7g8uN.jpg"
				},
				{
					"cast_id": 49,
					"character": "Hermione Granger",
					"credit_id": "531736ea92514138c00010a3",
					"gender": 1,
					"id": 10990,
					"name": "Emma Watson",
					"order": 2,
					"profile_path": "/s77hUycSJ4x8RJWHDC9WPgotgxE.jpg"
				},
				{
					"cast_id": 23,
					"character": "Albus Dumbledore",
					"credit_id": "52fe4267c3a36847f801be81",
					"gender": 2,
					"id": 194,
					"name": "Richard Harris",
					"order": 3,
					"profile_path": "/51wDHVFNqrYgvUBMOcACAt4sJU9.jpg"
				},
				{
					"cast_id": 41,
					"character": "Draco Malfoy",
					"credit_id": "52fe4267c3a36847f801bec9",
					"gender": 2,
					"id": 10993,
					"name": "Tom Felton",
					"order": 4,
					"profile_path": "/5hb2kKBYhpQRyWslJWzaDr5G1op.jpg"
				}
			],
			"director": 10965,
			"like_users": [],
			"poster_path": "https://image.tmdb.org/t/p/w600_and_h900_bestv2//y1idJpIerVcF2RyESW3IaVaJQEO.jpg"
		}
	},
	{
		"model": "movies.movie",
		"pk": 383498,
		"fields": {
			"adult": false,
			"original_language": "en",
			"original_title": "Deadpool 2",
			"overview": "암 치료를 위한 비밀 실험에 참여한 후, 강력한 힐링팩터 능력을 지닌 슈퍼히어로 데드풀로 거듭난 웨이드 윌슨(라이언 레이놀즈)은 여자친구 바네사(모레나 바카린)와 더없이 행복한 시간을 보낸다. 그러나 행복도 잠시, 눈 앞에서 소중한 연인을 잃어버리고 삶의 의미를 상실하지만 자기 치유 능력 때문에 죽고 싶어도 죽지를 못한다. 밑바닥까지 내려간 데드풀은 더 나은 사람이 되기로 결심한다. 한편 미래에서 온 케이블(조시 브롤린)은 러셀을 집요하게 쫓는다. 데드풀은 팀 엑스포스를 결성하고, 뭘 해도 운이 따르는 도미노(재지 비츠)가 엑스포스에 합류하는데...",
			"release_date": "2018-05-10",
			"revenue": 741547413,
			"runtime": 117,
			"tagline": "이번엔 혼자가 아니다",
			"title": "데드풀 2",
			"genres": [
				28,
				35,
				12
			],
			"casts": [
				10859,
				16851,
				54882,
				1139349,
				1545693
			],
			"role_data": [
				{
					"cast_id": 1,
					"character": "Wade Wilson / Deadpool / Juggernaut (voice) / Himself",
					"credit_id": "56c61c2cc3a3680d52003669",
					"gender": 2,
					"id": 10859,
					"name": "Ryan Reynolds",
					"order": 0,
					"profile_path": "/vYxl6lGbVPr7f8QlaSdeRLUs5PB.jpg"
				},
				{
					"cast_id": 39,
					"character": "Nathan Summers / Cable",
					"credit_id": "58ee7fb1925141136f002532",
					"gender": 2,
					"id": 16851,
					"name": "Josh Brolin",
					"order": 1,
					"profile_path": "/x8KKnvHyPvH16M6waAnY1OeCtA8.jpg"
				},
				{
					"cast_id": 42,
					"character": "Vanessa Carlysle",
					"credit_id": "595120a89251412b2300bcf1",
					"gender": 1,
					"id": 54882,
					"name": "Morena Baccarin",
					"order": 2,
					"profile_path": "/dhdQT0fMRcbg8Gi9nx7JF0oVzzr.jpg"
				},
				{
					"cast_id": 44,
					"character": "Russell Collins / Firefist",
					"credit_id": "59542d4c9251411d9801f8a9",
					"gender": 2,
					"id": 1139349,
					"name": "Julian Dennison",
					"order": 3,
					"profile_path": "/ApBsNEF9JnXDJ27XLaWnRXdVCQz.jpg"
				},
				{
					"cast_id": 38,
					"character": "Neena Thurman / Domino",
					"credit_id": "58c20e79c3a36842d6001ba3",
					"gender": 1,
					"id": 1545693,
					"name": "Zazie Beetz",
					"order": 4,
					"profile_path": "/sgxzT54GnvgeMnOZgpQQx9csAdd.jpg"
				}
			],
			"director": 40684,
			"like_users": [],
			"poster_path": "https://image.tmdb.org/t/p/w600_and_h900_bestv2//kDiOsE2FqZC26ScZDGdkkmlhZGJ.jpg"
		}
	},
	{
		"model": "movies.movie",
		"pk": 428078,
		"fields": {
			"adult": false,
			"original_language": "en",
			"original_title": "Mortal Engines",
			"overview": "움직이는 모든 것을 집어삼키려는 거대도시 ‘런던’. 탐욕스러운 거대도시 런던으로부터 세상을 지키려는 ‘저항 세력’. 숨겨진 공중도시 ‘에어 헤이븐’. 60분 전쟁으로 지구가 멸망한 황폐해진 미래, 인류의 생존이 걸린 움직이는 도시들의 전쟁. 끝내고 싶다면 모든 것을 삼켜야 한다",
			"release_date": "2018-11-27",
			"revenue": 104236467,
			"runtime": 129,
			"tagline": "움직이는 도시들의 전쟁",
			"title": "모털 엔진",
			"genres": [
				878,
				28,
				12,
				14,
				53
			],
			"casts": [
				586286,
				118616,
				1331,
				1712372,
				1624444
			],
			"role_data": [
				{
					"cast_id": 11,
					"character": "Hester Shaw",
					"credit_id": "58a9db609251411503000414",
					"gender": 1,
					"id": 586286,
					"name": "Hera Hilmar",
					"order": 0,
					"profile_path": "/hUgQJYayUWt3zON9COn0f7RVJxF.jpg"
				},
				{
					"cast_id": 0,
					"character": "Tom Natsworthy",
					"credit_id": "58949f6b925141426e007b1e",
					"gender": 2,
					"id": 118616,
					"name": "Robert Sheehan",
					"order": 1,
					"profile_path": "/pamIz7pzThRsQkKHG64AL7wFhPB.jpg"
				},
				{
					"cast_id": 21,
					"character": "Thaddeus Valentine",
					"credit_id": "58ef5c06925141422100b0f8",
					"gender": 2,
					"id": 1331,
					"name": "Hugo Weaving",
					"order": 2,
					"profile_path": "/5uKbeYLagpNRVbmBUZ7Njnbsfvy.jpg"
				},
				{
					"cast_id": 15,
					"character": "Anna Fang",
					"credit_id": "58bdf622c3a368663004d7ea",
					"gender": 1,
					"id": 1712372,
					"name": "Jihae",
					"order": 3,
					"profile_path": "/aRHd8OWGcrb55s1KKbWgvXd3zBd.jpg"
				},
				{
					"cast_id": 1,
					"character": "Bevis Pod",
					"credit_id": "58949f74c3a36840b5006ccc",
					"gender": 2,
					"id": 1624444,
					"name": "Ronan Raftery",
					"order": 4,
					"profile_path": "/cwvrSNokGx9k5FjGqJsYtVWnKUI.jpg"
				}
			],
			"director": 1419579,
			"like_users": [],
			"poster_path": "https://image.tmdb.org/t/p/w600_and_h900_bestv2//dpnzsvHdEHorgF88jt68c3wLaj5.jpg"
		}
	},
	{
		"model": "movies.movie",
		"pk": 332562,
		"fields": {
			"adult": false,
			"original_language": "en",
			"original_title": "A Star Is Born",
			"overview": "노래에 놀라운 재능을 가졌지만 외모에는 자신이 없는 무명가수 앨리(레이디 가가)는 공연을 하던 바에서 우연히 술을 마시러 온 톱스타 잭슨 메인(브래들리 쿠퍼)을 만나게 된다. 앨리의 매력에 빠지게 된 잭슨은 앨리에게 자신의 삶에 대해 말해주고, 앨리는 그런 잭슨에게 즉석에서 노래를 만들어준다. 다음 날 잭슨은 자신의 공연에 앨리를 불러 관중 앞에서 노래를 부를 기회를 주고, 순식간에 앨리는 유명해진다. 잭슨의 도움으로 앨리는 자기 안의 열정을 폭발시키며 최고의 스타로 거듭나지만, 잭슨은 어린 시절의 상처와 예술가적 고뇌 속에서 점점 무너져가는데...",
			"release_date": "2018-10-03",
			"revenue": 433888866,
			"runtime": 135,
			"tagline": "나도 몰랐던 내 안의 빛을 찾아낸 그대",
			"title": "스타 이즈 본",
			"genres": [
				18,
				10749,
				10402
			],
			"casts": [
				237405,
				51329,
				16431,
				57906,
				21660
			],
			"role_data": [
				{
					"cast_id": 1,
					"character": "Ally Campana",
					"credit_id": "57ea39dbc3a3687ffd007913",
					"gender": 1,
					"id": 237405,
					"name": "Lady Gaga",
					"order": 0,
					"profile_path": "/4VogV8IgKrFYoVyjNuu5la1oMNp.jpg"
				},
				{
					"cast_id": 0,
					"character": "Jackson Maine",
					"credit_id": "57ea39cf925141374b0007e1",
					"gender": 2,
					"id": 51329,
					"name": "Bradley Cooper",
					"order": 1,
					"profile_path": "/w2iNEYKNuWzGfGzISeh4P6IiR4U.jpg"
				},
				{
					"cast_id": 12,
					"character": "Bobby Maine",
					"credit_id": "59218be0c3a3687a64058418",
					"gender": 2,
					"id": 16431,
					"name": "Sam Elliott",
					"order": 2,
					"profile_path": "/1K2IvGXFbKsgkExuUsRvy4F0c9e.jpg"
				},
				{
					"cast_id": 13,
					"character": "Lorenzo Campana",
					"credit_id": "59218bfac3a3687a8e055c47",
					"gender": 2,
					"id": 57906,
					"name": "Andrew Dice Clay",
					"order": 3,
					"profile_path": "/1KzjDfy2r0Q8HUiEYfLvrOqVWH0.jpg"
				},
				{
					"cast_id": 17,
					"character": "Rez Gavron",
					"credit_id": "59218c2ec3a3687a6405846c",
					"gender": 2,
					"id": 21660,
					"name": "Rafi Gavron",
					"order": 4,
					"profile_path": "/zaeeerhEbOmiAzXhA3dmWPOVyXh.jpg"
				}
			],
			"director": 51329,
			"like_users": [],
			"poster_path": "https://image.tmdb.org/t/p/w600_and_h900_bestv2//gQJm9QkcEXZBK4Pw3BUmvsDxc3D.jpg"
		}
	},
	{
		"model": "movies.movie",
		"pk": 120,
		"fields": {
			"adult": false,
			"original_language": "en",
			"original_title": "The Lord of the Rings: The Fellowship of the Ring",
			"overview": "호빗이라 불리우는 난장이 종족 중의 한 명인 프로도는 자신의 삼촌에게서 우연히 절대 반지를 물려받게 되고, 마법사 간달프를 통해서 절대반지가 사우론의 손에 들어가면 악의 세력이 세상을 지배하게 된다는 것을 알게 된다. 하지만 절대반지를 영원히 파괴할 수 있는 유일한 방법은 반지가 만들어진 불의 산의 용암에 그것을 던져 넣는 길 뿐이다. 마침내 프로도와 그의 친구들, 엘프족인 레골라스, 난장이족 김리, 두명의 인간 전사 아라곤과 보로미르, 그리고 마법사 간달프로 구성된 반지 원정대가 길고도 험난한 여정을 떠나게 되는데...",
			"release_date": "2001-12-18",
			"revenue": 871368364,
			"runtime": 165,
			"tagline": "마지막 반지를 차지하는 자, 모든 힘을 지배하게 될 것이다",
			"title": "반지의 제왕: 반지 원정대",
			"genres": [
				12,
				14,
				28
			],
			"casts": [
				109,
				1327,
				110,
				1328,
				882
			],
			"role_data": [
				{
					"cast_id": 28,
					"character": "Frodo Baggins",
					"credit_id": "52fe421ac3a36847f800448f",
					"gender": 2,
					"id": 109,
					"name": "Elijah Wood",
					"order": 0,
					"profile_path": "/ayARmqAe9Aab1zg6FjJG0u9MEBo.jpg"
				},
				{
					"cast_id": 29,
					"character": "Gandalf the Grey",
					"credit_id": "52fe421ac3a36847f8004493",
					"gender": 2,
					"id": 1327,
					"name": "Ian McKellen",
					"order": 1,
					"profile_path": "/coWjgMEYJjk2OrNddlXCBm8EIr3.jpg"
				},
				{
					"cast_id": 30,
					"character": "Aragorn",
					"credit_id": "52fe421ac3a36847f8004497",
					"gender": 2,
					"id": 110,
					"name": "Viggo Mortensen",
					"order": 2,
					"profile_path": "/kIyavVDiV6veUbxxxhjITtFLdDY.jpg"
				},
				{
					"cast_id": 36,
					"character": "Samwise \"Sam\" Gamgee",
					"credit_id": "52fe421ac3a36847f80044af",
					"gender": 2,
					"id": 1328,
					"name": "Sean Astin",
					"order": 3,
					"profile_path": "/j7ufzsiGkUck6HUAuQciXVnowmO.jpg"
				},
				{
					"cast_id": 31,
					"character": "Arwen Evenstar",
					"credit_id": "52fe421ac3a36847f800449b",
					"gender": 1,
					"id": 882,
					"name": "Liv Tyler",
					"order": 4,
					"profile_path": "/lD2YnrKdnRUvFDMSiK2pw13ZMIB.jpg"
				}
			],
			"director": 108,
			"like_users": [],
			"poster_path": "https://image.tmdb.org/t/p/w600_and_h900_bestv2//7uCvKNKKLRqYYyHIRpphi3yUE6Z.jpg"
		}
	},
	{
		"model": "movies.movie",
		"pk": 10052,
		"fields": {
			"adult": false,
			"original_language": "en",
			"original_title": "Dragonfly",
			"overview": "시카고 메모리얼 병원의 응급의학과 과장이자 닥터인 조 대로우(Joe Darrow: 케빈 코스트너 분)는 해박한 의학 지식과 생사의 기로에 놓여있는 환자들의 생존 가능성을 판별해내는 능력 때문에 동료들과 환자들로부터 무척 존경받는 의사이다. 그러나 비극적인 사고로 그의 아내가 목숨을 잃자 그의 전문적인 의학 지식도 그에게 아무런 위안이 되지 못한다. 그의 아내 에밀리 대로우(Dr. Emily Darrow: 수잔나 톰슨 분)는 같은 병원의 소아과 종양학 전문 의사였으며 베네수엘라의 오지에서 원주민 환자들을 보살피던 중 타고 있던 버스가 추락하는 사고로 목숨을 잃는다. 그로부터 6개월이 지났건만 에밀리의 시신은 여전히 찾을 길이 없다. 조는 아내의 죽음 때문에 받은 충격에서 헤어나기 위해 주말이나 휴일도 없이 하루 20시간씩 병원에서 일만 한다. 급기야 그의 신경은 극도로 예민해지고 병원의 사무국장인 휴 캠벨(Hugh Campbell: 조 모튼 분)은 조에게 마음을 추스리도록 휴가를 가져보라고 권유한다. 병원의 동료 친구들과 이웃에 사는 법대 교수인 미리암 벨몬트(Miriam Belmont: 캐시 베이츠 분)가 그에게 정신적인 힘이 되어주려고 애쓰지만 조는 표현할 수 없는 슬픔 때문에 점점 사람들로부터 소외되어 간다.",
			"release_date": "2002-02-22",
			"revenue": 52322400,
			"runtime": 104,
			"tagline": "",
			"title": "드래곤플라이",
			"genres": [
				18
			],
			"casts": [
				1269,
				3977,
				12122,
				62547,
				8534
			],
			"role_data": [
				{
					"cast_id": 23,
					"character": "Joe Darrow",
					"credit_id": "52fe43159251416c75002bab",
					"gender": 2,
					"id": 1269,
					"name": "Kevin Costner",
					"order": 0,
					"profile_path": "/ePo87kGyyY8JZ3z7Zm7Z2GYdmJ8.jpg"
				},
				{
					"cast_id": 26,
					"character": "Hugh Campbell",
					"credit_id": "52fe43159251416c75002bbb",
					"gender": 2,
					"id": 3977,
					"name": "Joe Morton",
					"order": 1,
					"profile_path": "/5adJxjbFX2GeuTTCNqc9dg4Twgx.jpg"
				},
				{
					"cast_id": 27,
					"character": "Charlie Dickinson",
					"credit_id": "52fe43159251416c75002bbf",
					"gender": 2,
					"id": 12122,
					"name": "Ron Rifkin",
					"order": 2,
					"profile_path": "/hukx9wydqjFEu3xXToQWln1PMxN.jpg"
				},
				{
					"cast_id": 28,
					"character": "Emily Darrow",
					"credit_id": "52fe43159251416c75002bc3",
					"gender": 1,
					"id": 62547,
					"name": "Susanna Thompson",
					"order": 3,
					"profile_path": "/rqM3mLVmu4ZgXTDmD8nDDmo9SxY.jpg"
				},
				{
					"cast_id": 29,
					"character": "Mrs. Belmont",
					"credit_id": "52fe43159251416c75002bc7",
					"gender": 1,
					"id": 8534,
					"name": "Kathy Bates",
					"order": 4,
					"profile_path": "/yik6ccz1O2JelLJn3Fsx3EA8s1o.jpg"
				}
			],
			"director": 4499,
			"like_users": [],
			"poster_path": "https://image.tmdb.org/t/p/w600_and_h900_bestv2//gs3fFBoiEaExy5x3m5yAQpmVhXs.jpg"
		}
	},
	{
		"model": "movies.movie",
		"pk": 429617,
		"fields": {
			"adult": false,
			"original_language": "en",
			"original_title": "Spider-Man: Far from Home",
			"overview": "평범한 일상으로 돌아온 스파이더맨 ‘피터 파커’(톰 홀랜드)가 학교 친구들과 함께 떠난 유럽 여행에서 새로운 빌런들과 정체불명의 인물 ‘미스테리오’(제이크 질렌할)를 만나면서 벌어지는 이야기를 그린 마블 액션 블록버스터",
			"release_date": "2019-07-01",
			"revenue": 0,
			"runtime": 129,
			"tagline": "",
			"title": "스파이더맨: 파 프롬 홈",
			"genres": [
				28,
				12,
				878
			],
			"casts": [
				1136406,
				131,
				505710,
				2231,
				71189
			],
			"role_data": [
				{
					"cast_id": 137,
					"character": "Peter Parker / Spider-Man",
					"credit_id": "5b363c3b0e0a26400802ad1a",
					"gender": 2,
					"id": 1136406,
					"name": "Tom Holland",
					"order": 0,
					"profile_path": "/n4uddsujmh2fYOSa4Uwk4BbhX3H.jpg"
				},
				{
					"cast_id": 143,
					"character": "Quentin Beck / Mysterio",
					"credit_id": "5b459fb90e0a266050001c0e",
					"gender": 2,
					"id": 131,
					"name": "Jake Gyllenhaal",
					"order": 1,
					"profile_path": "/rRQVMj5ojWVvpmfqnzzspQ0Wrlh.jpg"
				},
				{
					"cast_id": 140,
					"character": "Michelle \"MJ\" Jones",
					"credit_id": "5b366bcd9251413c820257f5",
					"gender": 1,
					"id": 505710,
					"name": "Zendaya",
					"order": 2,
					"profile_path": "/a8v0hv0KtCV1q4vNaoeLOjiuGNq.jpg"
				},
				{
					"cast_id": 144,
					"character": "Nick Fury",
					"credit_id": "5b46a425c3a3686e49000f94",
					"gender": 2,
					"id": 2231,
					"name": "Samuel L. Jackson",
					"order": 3,
					"profile_path": "/mXN4Gw9tZJVKrLJHde2IcUHmV3P.jpg"
				},
				{
					"cast_id": 146,
					"character": "Maria Hill",
					"credit_id": "5b58e9199251416dcc0563fc",
					"gender": 1,
					"id": 71189,
					"name": "Cobie Smulders",
					"order": 4,
					"profile_path": "/qYXbHM3QZwHAOURe0L09Wn4UKsh.jpg"
				}
			],
			"director": 1293994,
			"like_users": [],
			"poster_path": "https://image.tmdb.org/t/p/w600_and_h900_bestv2//3A2yZDX6JYIwnzGRMNtPeIaepab.jpg"
		}
	},
	{
		"model": "movies.movie",
		"pk": 446021,
		"fields": {
			"adult": false,
			"original_language": "en",
			"original_title": "Bad Times at the El Royale",
			"overview": "베트남전 당시 미국사회의 혼란상을 풍자한 스릴러 영화",
			"release_date": "2018-10-04",
			"revenue": 31882724,
			"runtime": 142,
			"tagline": "",
			"title": "배드 타임즈: 엘 로얄에서 생긴 일",
			"genres": [
				53,
				80,
				9648,
				18
			],
			"casts": [
				1229,
				1765068,
				118545,
				65717,
				74568
			],
			"role_data": [
				{
					"cast_id": 3,
					"character": "Father Daniel Flynn / Dock O'Kelly",
					"credit_id": "59fc9315c3a3681acd02dade",
					"gender": 2,
					"id": 1229,
					"name": "Jeff Bridges",
					"order": 0,
					"profile_path": "/xms1RAY6q7Lzp7wNeRCB0kzhucn.jpg"
				},
				{
					"cast_id": 5,
					"character": "Darlene Sweet",
					"credit_id": "59fc932e92514113bf02d2d4",
					"gender": 1,
					"id": 1765068,
					"name": "Cynthia Erivo",
					"order": 1,
					"profile_path": "/vWLhplaio80fuv5mACLImjstg2v.jpg"
				},
				{
					"cast_id": 7,
					"character": "Emily Summerspring",
					"credit_id": "5a6c25cc0e0a265f040062b3",
					"gender": 1,
					"id": 118545,
					"name": "Dakota Johnson",
					"order": 2,
					"profile_path": "/i2W5o1XgcZoPaGOsNma7ZzWHRbY.jpg"
				},
				{
					"cast_id": 9,
					"character": "Laramie Seymour Sullivan / Dwight Broadbeck",
					"credit_id": "5ac18e7c0e0a260c14012a5a",
					"gender": 2,
					"id": 65717,
					"name": "Jon Hamm",
					"order": 3,
					"profile_path": "/wb14AA6u8dqA0XNweRIeKXatzzc.jpg"
				},
				{
					"cast_id": 2,
					"character": "Billy Lee",
					"credit_id": "59fc9306c3a3681a8302bc2c",
					"gender": 2,
					"id": 74568,
					"name": "Chris Hemsworth",
					"order": 4,
					"profile_path": "/lrhth7yK9p3vy6p7AabDUM1THKl.jpg"
				}
			],
			"director": 47506,
			"like_users": [],
			"poster_path": "https://image.tmdb.org/t/p/w600_and_h900_bestv2//5eGttMg1QZQHgccdX9pLKD5vKQm.jpg"
		}
	},
	{
		"model": "movies.movie",
		"pk": 351286,
		"fields": {
			"adult": false,
			"original_language": "en",
			"original_title": "Jurassic World: Fallen Kingdom",
			"overview": "지상 최대의 테마파크 쥬라기 월드가 폐쇄된 지 3년 후.  이슬라 누블라의 활화산 시보산이 분화하려는 조짐을 보이자 조짐에 뉴스에서는 이와 더불어 공룡들의 보호에 관련된 시위나 소식들을 보도한다. 오웬(크리스 프렛)과 클레어(브라이스 달라스 하워드)는 벤자민 록우드(제임스 크롬웰)의 부탁으로 공룡들의 멸종을 막기 위해 이슬라 누블라 섬으로 떠난다. 한편 진화된 공룡들을 이용하려는 세력의 거대한 음모가 드러나고, 절대 지상에 존재해선 안될 위협적 공룡들이 마침내 세상 밖으로 등장하게 되는데...",
			"release_date": "2018-06-06",
			"revenue": 1303459585,
			"runtime": 129,
			"tagline": "진화는 위기가 된다",
			"title": "쥬라기 월드: 폴른 킹덤",
			"genres": [
				28,
				12,
				878
			],
			"casts": [
				73457,
				18997,
				28847,
				1029934,
				1257819
			],
			"role_data": [
				{
					"cast_id": 198,
					"character": "Owen Grady",
					"credit_id": "5b891bb40e0a2679ae00b8ca",
					"gender": 2,
					"id": 73457,
					"name": "Chris Pratt",
					"order": 0,
					"profile_path": "/gXKyT1YU5RWWPaE1je3ht58eUZr.jpg"
				},
				{
					"cast_id": 3,
					"character": "Claire Dearing",
					"credit_id": "55b239cfc3a368246c00a2df",
					"gender": 1,
					"id": 18997,
					"name": "Bryce Dallas Howard",
					"order": 1,
					"profile_path": "/7HIHalGGoJd101Wt3Y78Znfiohj.jpg"
				},
				{
					"cast_id": 6,
					"character": "Eli Mills",
					"credit_id": "58411470c3a36865c60034dc",
					"gender": 2,
					"id": 28847,
					"name": "Rafe Spall",
					"order": 2,
					"profile_path": "/7ucsDEWvcMU4SpxtZEaYErPpXHh.jpg"
				},
				{
					"cast_id": 8,
					"character": "Franklin Webb",
					"credit_id": "58411483c3a36865b6003f8d",
					"gender": 2,
					"id": 1029934,
					"name": "Justice Smith",
					"order": 3,
					"profile_path": "/9G8pKfvfbqs5fmRo0VtlHqxdVBQ.jpg"
				},
				{
					"cast_id": 9,
					"character": "Zia Rodriguez",
					"credit_id": "5886948c92514113620048df",
					"gender": 1,
					"id": 1257819,
					"name": "Daniella Pineda",
					"order": 4,
					"profile_path": "/AdmgjO8pLFqN1H40uo7Ws4h6IyK.jpg"
				}
			],
			"director": 51894,
			"like_users": [],
			"poster_path": "https://image.tmdb.org/t/p/w600_and_h900_bestv2//ag1HBETIXBTDk6XxhlljuT3KIjy.jpg"
		}
	},
	{
		"model": "movies.movie",
		"pk": 181808,
		"fields": {
			"adult": false,
			"original_language": "en",
			"original_title": "Star Wars: The Last Jedi",
			"overview": "악의 세력인 무자비한 퍼스트 오더가 은하계를 장악한 시대. 레아 장군(캐리 피셔)의 저항군은 힘겨운 싸움을 이어가고 있다. 그들의 유일한 희망은 마지막 제다이 루크 스카이워커(마크 해밀). 저항군은 승리의 불씨를 지필 마지막 희망을 찾아 레이를 과거의 영웅 루크에게 보낸다. 레이(데이지 리들리)는 우여곡절 끝에 루크를 찾아내지만, 자신의 잘못으로 레아의 아들 벤 솔로가 퍼스트 오더의 실세 카일로 렌이 되었다고 생각하는 루크는 함께 떠나자는 레이의 제안을 거절한다. 한편 레이는 알 수 없는 이유로 카일로 렌과 교감할 수 있게 된다.",
			"release_date": "2017-12-13",
			"revenue": 1332459537,
			"runtime": 152,
			"tagline": "선과 악의 전쟁, 거대한 운명이 결정된다",
			"title": "스타워즈: 라스트 제다이",
			"genres": [
				14,
				12,
				878,
				28
			],
			"casts": [
				1315036,
				1023139,
				2,
				25072,
				236695
			],
			"role_data": [
				{
					"cast_id": 11,
					"character": "Rey",
					"credit_id": "562fdd999251413b460008ad",
					"gender": 1,
					"id": 1315036,
					"name": "Daisy Ridley",
					"order": 0,
					"profile_path": "/oP7khxQ6BUNoGiPFUCI8dikN0ew.jpg"
				},
				{
					"cast_id": 13,
					"character": "Kylo Ren / Ben Solo",
					"credit_id": "5679cdbd92514106f50001e9",
					"gender": 2,
					"id": 1023139,
					"name": "Adam Driver",
					"order": 1,
					"profile_path": "/rsjwgpV2OukxOJ9HEiEyf4qu1vR.jpg"
				},
				{
					"cast_id": 14,
					"character": "Luke Skywalker / Dobbu Scay (voice)",
					"credit_id": "5679cdd4c3a3685bbf000206",
					"gender": 2,
					"id": 2,
					"name": "Mark Hamill",
					"order": 2,
					"profile_path": "/fk8OfdReNltKZqOk2TZgkofCUFq.jpg"
				},
				{
					"cast_id": 6,
					"character": "Poe Dameron",
					"credit_id": "55e96032c3a3682c6b0053f2",
					"gender": 2,
					"id": 25072,
					"name": "Oscar Isaac",
					"order": 3,
					"profile_path": "/cY6ail3ebXDx9FCoZMgVGAbmBus.jpg"
				},
				{
					"cast_id": 12,
					"character": "Finn",
					"credit_id": "562fdda8c3a3681b5900dd91",
					"gender": 2,
					"id": 236695,
					"name": "John Boyega",
					"order": 4,
					"profile_path": "/3153CfpgZQXTzCY0i74WpJumMQe.jpg"
				}
			],
			"director": 67367,
			"like_users": [],
			"poster_path": "https://image.tmdb.org/t/p/w600_and_h900_bestv2//zRvMTCzUVnkdW9lno9HQwrigWSr.jpg"
		}
	},
	{
		"model": "movies.movie",
		"pk": 11,
		"fields": {
			"adult": false,
			"original_language": "en",
			"original_title": "Star Wars",
			"overview": "공화국이 붕괴하고 제국이 수립된 뒤 20년, 제다이 기사단은 전멸하고 강력한 제국군의 횡포에 은하계는 공포에 휩싸여 있다. 그러던 중 공화국 재건을 노리는 반란군이 제국군의 비밀병기 데스스타 설계도를 훔쳐 달아나고 제국군은 이를 쫓는다. 하지만 결국 제국의 손에 붙잡히게 된 그들은 드로이드 R2-D2에 설계도를 넣어서 R2의 친구 C-3PO와 탈출시키는 데 성공하고, 두 드로이드 콤비는 타투인의 시골 마을에서 숙부와 함께 살고 있던 청년 루크 스카이워커에게 오게 되는데...",
			"release_date": "1977-05-25",
			"revenue": 775398007,
			"runtime": 121,
			"tagline": "아주 오래 전 멀고 먼 은하계에서...",
			"title": "스타워즈 에피소드 4: 새로운 희망",
			"genres": [
				12,
				28,
				878
			],
			"casts": [
				2,
				3,
				4,
				5,
				12248
			],
			"role_data": [
				{
					"cast_id": 3,
					"character": "Luke Skywalker",
					"credit_id": "52fe420dc3a36847f8000441",
					"gender": 2,
					"id": 2,
					"name": "Mark Hamill",
					"order": 0,
					"profile_path": "/fk8OfdReNltKZqOk2TZgkofCUFq.jpg"
				},
				{
					"cast_id": 4,
					"character": "Han Solo",
					"credit_id": "52fe420dc3a36847f8000445",
					"gender": 2,
					"id": 3,
					"name": "Harrison Ford",
					"order": 1,
					"profile_path": "/7CcoVFTogQgex2kJkXKMe8qHZrC.jpg"
				},
				{
					"cast_id": 5,
					"character": "Princess Leia Organa",
					"credit_id": "52fe420dc3a36847f8000449",
					"gender": 1,
					"id": 4,
					"name": "Carrie Fisher",
					"order": 2,
					"profile_path": "/rfJtncHewKVnHjqpIZvjn24ESeC.jpg"
				},
				{
					"cast_id": 6,
					"character": "Grand Moff Tarkin",
					"credit_id": "52fe420dc3a36847f800044d",
					"gender": 2,
					"id": 5,
					"name": "Peter Cushing",
					"order": 3,
					"profile_path": "/l0grZXcjqctESg7h6Jdp33pA3QG.jpg"
				},
				{
					"cast_id": 14,
					"character": "Obi-Wan \"Ben\" Kenobi",
					"credit_id": "52fe420dc3a36847f8000477",
					"gender": 2,
					"id": 12248,
					"name": "Alec Guinness",
					"order": 4,
					"profile_path": "/4SzPZhHt2irzwPxLp42oFxbYwcW.jpg"
				}
			],
			"director": 1,
			"like_users": [],
			"poster_path": "https://image.tmdb.org/t/p/w600_and_h900_bestv2//7XFfURIFCJxN1mfBg0SAjk5yGzg.jpg"
		}
	},
	{
		"model": "movies.movie",
		"pk": 449563,
		"fields": {
			"adult": false,
			"original_language": "en",
			"original_title": "Isn't It Romantic",
			"overview": "사랑이 밥 먹여주냐? 로맨스를 믿지 않는 건축가. 머리를 다친 후 깨어보니, 로맨틱 코미디의 주인공이 되어 있다. 아름다운 세상이 악몽과도 같은 그녀. 정녕 해피 엔딩은 없는 걸까. 로맨틱 코미디가 돼버린 인생. 이걸 나보고 믿으라고?",
			"release_date": "2019-02-13",
			"revenue": 0,
			"runtime": 89,
			"tagline": "그녀의 세상이 180도로 변했다!",
			"title": "어쩌다 로맨스",
			"genres": [
				35,
				14,
				10749
			],
			"casts": [
				221581,
				212604,
				96066,
				77234,
				92572
			],
			"role_data": [
				{
					"cast_id": 0,
					"character": "Natalie",
					"credit_id": "58dbe74e925141337d00e728",
					"gender": 1,
					"id": 221581,
					"name": "Rebel Wilson",
					"order": 0,
					"profile_path": "/yuyRg1WaY616Uux3vP9ONsUjQTS.jpg"
				},
				{
					"cast_id": 8,
					"character": "Josh",
					"credit_id": "59773d729251413b08004213",
					"gender": 2,
					"id": 212604,
					"name": "Adam Devine",
					"order": 1,
					"profile_path": "/6qDsS9jcywuajS7gB8gLuQRJ7Um.jpg"
				},
				{
					"cast_id": 9,
					"character": "Blake",
					"credit_id": "59773d7a9251413ade004647",
					"gender": 2,
					"id": 96066,
					"name": "Liam Hemsworth",
					"order": 2,
					"profile_path": "/eVeBiqx1vTsd1QCHOr24Cf13wb.jpg"
				},
				{
					"cast_id": 6,
					"character": "Isabella",
					"credit_id": "59773d5c9251413ae200440d",
					"gender": 1,
					"id": 77234,
					"name": "Priyanka Chopra",
					"order": 3,
					"profile_path": "/stEZxIVAWFlrifbWkeULsD4LHnf.jpg"
				},
				{
					"cast_id": 5,
					"character": "Whitney",
					"credit_id": "59773d43c3a3684ae4003ed0",
					"gender": 1,
					"id": 92572,
					"name": "Betty Gilpin",
					"order": 4,
					"profile_path": "/A5AJjdVMclMyeXLpEZzjsyer3AI.jpg"
				}
			],
			"director": 222470,
			"like_users": [],
			"poster_path": "https://image.tmdb.org/t/p/w600_and_h900_bestv2//p1Z9AlvIMYRHAS5zVI1HW1kXM7I.jpg"
		}
	},
	{
		"model": "movies.movie",
		"pk": 502292,
		"fields": {
			"adult": false,
			"original_language": "en",
			"original_title": "The Last Summer",
			"overview": "이제 막 고등학교를 졸업한 시카고의 십 대들. 그들이 여름을 맞이한다. 자유로울 수 있는 마지막 기회. 사랑도 꿈도 불투명하지만, 마음이 원하는 길을 가고 싶다.",
			"release_date": "2019-05-03",
			"revenue": 0,
			"runtime": 109,
			"tagline": "",
			"title": "라스트 썸머",
			"genres": [
				35,
				10749
			],
			"casts": [
				1680339,
				992366,
				512316,
				934243,
				53280
			],
			"role_data": [
				{
					"cast_id": 7,
					"character": "Griffin",
					"credit_id": "5a7305270e0a266433009fe1",
					"gender": 2,
					"id": 1680339,
					"name": "K.J. Apa",
					"order": 0,
					"profile_path": "/Czg75JL55FheBR36a3CiOJmeb9.jpg"
				},
				{
					"cast_id": 9,
					"character": "Phoebe Fisher",
					"credit_id": "5ac41107c3a3682d35041589",
					"gender": 1,
					"id": 992366,
					"name": "Maia Mitchell",
					"order": 1,
					"profile_path": "/4gxrYpXlUyHebEEouwLT6BgPo65.jpg"
				},
				{
					"cast_id": 8,
					"character": "Alec",
					"credit_id": "5ac41103c3a3682d66048f49",
					"gender": 2,
					"id": 512316,
					"name": "Jacob Latimore",
					"order": 2,
					"profile_path": "/ncabL8QALGJpMkcmGDFuqBw4jsh.jpg"
				},
				{
					"cast_id": 14,
					"character": "Erin",
					"credit_id": "5b7af9dec3a36860ea04e30d",
					"gender": 1,
					"id": 934243,
					"name": "Halston Sage",
					"order": 3,
					"profile_path": "/7BYb7GIry4wbHTNSFCfuCkMexuH.jpg"
				},
				{
					"cast_id": 10,
					"character": "Ricky",
					"credit_id": "5b06305ac3a3684c9b009ed0",
					"gender": 2,
					"id": 53280,
					"name": "Tyler Posey",
					"order": 4,
					"profile_path": "/mkh15TUgPCq8AyEm65dno1VPxu0.jpg"
				}
			],
			"director": 140151,
			"like_users": [],
			"poster_path": "https://image.tmdb.org/t/p/w600_and_h900_bestv2//roxH78GESToUjfd6Tc973jV0Wu7.jpg"
		}
	},
	{
		"model": "movies.movie",
		"pk": 297762,
		"fields": {
			"adult": false,
			"original_language": "en",
			"original_title": "Wonder Woman",
			"overview": "수천년 간 존재를 숨긴 채 지구를 수호하던 데미스키라의 공주 다이애나(갤 가돗)는 어느 날 하늘에서 이상한 움직임을 포착한다. 1차 세계대전에 참전해 스파이 활동을 벌이다가 격추된 미국인 조종사 스티브(크리스 파인)가 해변에 불시착한 것. 태어나 처음으로 남성을 보게 된 다이애나는 호기심을 감추지 못하고, 데미스키라의 일원들은 그가 파멸을 가져올 수도 있음을 경고한다. 다이애나는 엄마이자 여왕인 히폴리타(코니 닐슨)의 반대에도 불구하고 나치군의 추격을 따돌리면서 그들의 생화학무기 공격을 비밀리에 막아야 하는 스티브를 따라나선다.",
			"release_date": "2017-05-30",
			"revenue": 821847012,
			"runtime": 141,
			"tagline": "히어로의 새로운 기준",
			"title": "원더 우먼",
			"genres": [
				12,
				14,
				10752,
				10749
			],
			"casts": [
				90633,
				62064,
				935,
				32,
				6413
			],
			"role_data": [
				{
					"cast_id": 0,
					"character": "Diana Prince / Wonder Woman",
					"credit_id": "543ff227c3a3680544000009",
					"gender": 1,
					"id": 90633,
					"name": "Gal Gadot",
					"order": 1,
					"profile_path": "/jNEWJy8eXFcHyCozqfUqilektmA.jpg"
				},
				{
					"cast_id": 9,
					"character": "Steve Trevor",
					"credit_id": "55b8881392514123df00139f",
					"gender": 2,
					"id": 62064,
					"name": "Chris Pine",
					"order": 2,
					"profile_path": "/ipG3BMO8Ckv9xVeEY27lzq975Qm.jpg"
				},
				{
					"cast_id": 17,
					"character": "Queen Hippolyta",
					"credit_id": "56996b229251411947000283",
					"gender": 1,
					"id": 935,
					"name": "Connie Nielsen",
					"order": 3,
					"profile_path": "/lvQypTfeH2Gn2PTbzq6XkT2PLmn.jpg"
				},
				{
					"cast_id": 10,
					"character": "Antiope",
					"credit_id": "5685eeefc3a3684bcc01ef2d",
					"gender": 1,
					"id": 32,
					"name": "Robin Wright",
					"order": 4,
					"profile_path": "/tXfQTgcIEPP7gtVdJ44ZxZPhacn.jpg"
				},
				{
					"cast_id": 13,
					"character": "Erich Ludendorff",
					"credit_id": "5685ef56c3a3684bcc01ef49",
					"gender": 2,
					"id": 6413,
					"name": "Danny Huston",
					"order": 5,
					"profile_path": "/jc1eGtCShQ2ZkzqWApiWbA1lbTF.jpg"
				}
			],
			"director": 6884,
			"like_users": [],
			"poster_path": "https://image.tmdb.org/t/p/w600_and_h900_bestv2//oZGYR75RaSLQ8XdJIVerYnOdhFx.jpg"
		}
	},
	{
		"model": "movies.movie",
		"pk": 627,
		"fields": {
			"adult": false,
			"original_language": "en",
			"original_title": "Trainspotting",
			"overview": "스코틀랜드 에딘버러의 뒷골목에 살고 있는 렌튼, 스퍼드, 벡비, 식보이, 토미는 아무런 희망 없이 하루하루를 살아간다. 이들에게 있어 유일한 즐거움은 마약을 하는 것이다. 이들은 마약을 사기 위해 강도 행각을 벌이고, 아기가 마약을 먹고 죽는 상황까지 벌어지게 된다. 그 후 백화점을 털던 스퍼드는 실형을 선고 받고, 렌튼은 끔찍한 과정을 거쳐 마약을 끊고 취직을 한다. 건실하던 토미는 에이즈로 죽고, 벡비는 장물아비로, 식보이는 포주 노릇을 한다. 하지만 이것도 잠시, 이들은 다시 모여 마약을 팔아 큰 돈을 챙기고, 렌튼은 친구들이 잠든 사이에 돈가방을 들고 혼자 달아나는 사건이 벌어지는데...",
			"release_date": "1996-02-23",
			"revenue": 16491080,
			"runtime": 94,
			"tagline": "모든 것은 젊음의 일부분일 뿐",
			"title": "트레인스포팅",
			"genres": [
				18,
				80
			],
			"casts": [
				3061,
				1125,
				9012,
				18023,
				9015
			],
			"role_data": [
				{
					"cast_id": 17,
					"character": "Mark \"Rent Boy\" Renton",
					"credit_id": "52fe4260c3a36847f8019913",
					"gender": 2,
					"id": 3061,
					"name": "Ewan McGregor",
					"order": 0,
					"profile_path": "/aEmyadfRXTmmR7UW7OXsm5a6smS.jpg"
				},
				{
					"cast_id": 18,
					"character": "Daniel \"Spud\" Murphy",
					"credit_id": "52fe4260c3a36847f8019917",
					"gender": 2,
					"id": 1125,
					"name": "Ewen Bremner",
					"order": 1,
					"profile_path": "/7CQBnBHSNDcbY2LucqWqEpKWsCH.jpg"
				},
				{
					"cast_id": 19,
					"character": "Simon \"Sick Boy\" Williamson",
					"credit_id": "52fe4260c3a36847f801991b",
					"gender": 2,
					"id": 9012,
					"name": "Jonny Lee Miller",
					"order": 2,
					"profile_path": "/70oZd4dPWNAibagHJvRU1Tf9e6h.jpg"
				},
				{
					"cast_id": 30,
					"character": "Francis \"Franco\" Begbie",
					"credit_id": "52fe4260c3a36847f8019947",
					"gender": 2,
					"id": 18023,
					"name": "Robert Carlyle",
					"order": 3,
					"profile_path": "/dLNeFPfJACiCiUz3oEdAjeKIwvZ.jpg"
				},
				{
					"cast_id": 21,
					"character": "Diane Coulston",
					"credit_id": "52fe4260c3a36847f8019923",
					"gender": 1,
					"id": 9015,
					"name": "Kelly Macdonald",
					"order": 4,
					"profile_path": "/bWxxTkt7EOuFEcMUMjhggsq0FbO.jpg"
				}
			],
			"director": 2034,
			"like_users": [],
			"poster_path": "https://image.tmdb.org/t/p/w600_and_h900_bestv2//6UTzw3kipgTYAJCX8GExoXzcVOx.jpg"
		}
	},
	{
		"model": "movies.movie",
		"pk": 438674,
		"fields": {
			"adult": false,
			"original_language": "en",
			"original_title": "Dragged Across Concrete",
			"overview": "",
			"release_date": "2019-02-21",
			"revenue": 0,
			"runtime": 159,
			"tagline": "",
			"title": "드래그드 어크로스 콘크리트",
			"genres": [
				18,
				80,
				28,
				53
			],
			"casts": [
				2461,
				4937,
				62645,
				64856,
				53828
			],
			"role_data": [
				{
					"cast_id": 2,
					"character": "Brett Ridgeman",
					"credit_id": "58924409c3a368096800bac5",
					"gender": 2,
					"id": 2461,
					"name": "Mel Gibson",
					"order": 0,
					"profile_path": "/4IsmIFUgoJgUZjen8Ldxnw5YQvG.jpg"
				},
				{
					"cast_id": 3,
					"character": "Anthony Lurasetti",
					"credit_id": "58924413c3a368097000be57",
					"gender": 2,
					"id": 4937,
					"name": "Vince Vaughn",
					"order": 1,
					"profile_path": "/1Ta0BKSJ1wku88M8qCfmlTQLzAf.jpg"
				},
				{
					"cast_id": 8,
					"character": "Henry Johns",
					"credit_id": "598216f9c3a3680caa01763c",
					"gender": 2,
					"id": 62645,
					"name": "Tory Kittles",
					"order": 2,
					"profile_path": "/b4kfp3J0SxEYl1UvcsWaHFTYKUK.jpg"
				},
				{
					"cast_id": 6,
					"character": "'Biscuit'",
					"credit_id": "598215f8c3a3680cc801b005",
					"gender": 2,
					"id": 64856,
					"name": "Michael Jai White",
					"order": 3,
					"profile_path": "/zvt4lOlPVVq1MZXmJDWNmBQDnWl.jpg"
				},
				{
					"cast_id": 5,
					"character": "Kelly Summer",
					"credit_id": "598215e99251415191019cab",
					"gender": 1,
					"id": 53828,
					"name": "Jennifer Carpenter",
					"order": 4,
					"profile_path": "/AiJyZqwgfhJjw6T5zwyUQ2bJGV4.jpg"
				}
			],
			"director": 1018106,
			"like_users": [],
			"poster_path": "https://image.tmdb.org/t/p/w600_and_h900_bestv2//fVG4a27ImyPS4vvNMjCtan3QhDl.jpg"
		}
	},
	{
		"model": "movies.movie",
		"pk": 375262,
		"fields": {
			"adult": false,
			"original_language": "en",
			"original_title": "The Favourite",
			"overview": "절대 권력을 지닌 히스테릭한 영국의 여왕 ‘앤’(올리비아 콜맨). ​여왕의 오랜 친구이자 권력의 실세 ‘사라 제닝스’(레이첼 와이즈)와 ​신분 상승을 노리는 몰락한 귀족 가문 출신의 욕망 하녀 ​‘애비게일 힐’(엠마 스톤)은 여왕의 총애를 받기 위해 ​수단과 방법을 가리지 않고 발버둥치기 시작하는데…​",
			"release_date": "2018-11-23",
			"revenue": 82124805,
			"runtime": 119,
			"tagline": "권력을 향한 그녀들의 미친 발버둥이 시작된다",
			"title": "더 페이버릿: 여왕의 여자",
			"genres": [
				18,
				36,
				35
			],
			"casts": [
				39187,
				54693,
				3293,
				3292,
				1496392
			],
			"role_data": [
				{
					"cast_id": 2,
					"character": "Queen Anne",
					"credit_id": "56864605c3a36828f501471a",
					"gender": 1,
					"id": 39187,
					"name": "Olivia Colman",
					"order": 0,
					"profile_path": "/1KTXGJaqWRnsoA6qeaUa7U2zkHL.jpg"
				},
				{
					"cast_id": 0,
					"character": "Abigail Hill",
					"credit_id": "568645e0c3a368607501da1f",
					"gender": 1,
					"id": 54693,
					"name": "Emma Stone",
					"order": 1,
					"profile_path": "/8bg84LTWsumtZitp1vwHJRFFkcr.jpg"
				},
				{
					"cast_id": 1,
					"character": "Sarah Churchill, Lady Marlborough",
					"credit_id": "568645f0c3a368227b013df0",
					"gender": 1,
					"id": 3293,
					"name": "Rachel Weisz",
					"order": 2,
					"profile_path": "/msTqKPA33ryVtcVNgOdeaJGYq16.jpg"
				},
				{
					"cast_id": 11,
					"character": "Robert Harley, Earl of Oxford",
					"credit_id": "58b781adc3a3685c48002686",
					"gender": 2,
					"id": 3292,
					"name": "Nicholas Hoult",
					"order": 3,
					"profile_path": "/h1gXgpuXERZTVhxMdjT7uvXIyq6.jpg"
				},
				{
					"cast_id": 12,
					"character": "Samuel Masham",
					"credit_id": "58ba188d925141609e01193d",
					"gender": 2,
					"id": 1496392,
					"name": "Joe Alwyn",
					"order": 4,
					"profile_path": "/oS6lhMhLT3idc3gdq9Mfyv3baOD.jpg"
				}
			],
			"director": 122423,
			"like_users": [],
			"poster_path": "https://image.tmdb.org/t/p/w600_and_h900_bestv2//gRYzmzDAGrNhIiWtkih5OXsPB1i.jpg"
		}
	},
	{
		"model": "movies.movie",
		"pk": 361292,
		"fields": {
			"adult": false,
			"original_language": "en",
			"original_title": "Suspiria",
			"overview": "마담 블랑의 무용 아카데미에 들어가기 위해 미국에서 베를린으로 찾아온 소녀 수지 그리고 그 곳에서 겪는 기이하고 놀라운 경험",
			"release_date": "2018-10-11",
			"revenue": 6348889,
			"runtime": 152,
			"tagline": "\"...빠져든다\"",
			"title": "서스페리아",
			"genres": [
				53,
				9648,
				27,
				14
			],
			"casts": [
				118545,
				3063,
				1137824,
				10255,
				45195
			],
			"role_data": [
				{
					"cast_id": 3,
					"character": "Susie Bannion",
					"credit_id": "574cc5c0c3a36812f00000f4",
					"gender": 1,
					"id": 118545,
					"name": "Dakota Johnson",
					"order": 0,
					"profile_path": "/i2W5o1XgcZoPaGOsNma7ZzWHRbY.jpg"
				},
				{
					"cast_id": 2,
					"character": "Madame Blanc / Helena Markos / Dr. Klemperer",
					"credit_id": "574cc5b5c3a36812e70000c0",
					"gender": 1,
					"id": 3063,
					"name": "Tilda Swinton",
					"order": 1,
					"profile_path": "/oj94HvQPebeKHIVpMwgFtQO2XUs.jpg"
				},
				{
					"cast_id": 5,
					"character": "Sara Simms",
					"credit_id": "57f43523925141398a0012c9",
					"gender": 1,
					"id": 1137824,
					"name": "Mia Goth",
					"order": 2,
					"profile_path": "/y3d90jZb8zsUel6viU4iIVpNBKL.jpg"
				},
				{
					"cast_id": 8,
					"character": "Miss Tanner",
					"credit_id": "57f746e5c3a3683aff0003ec",
					"gender": 1,
					"id": 10255,
					"name": "Angela Winkler",
					"order": 3,
					"profile_path": "/vX2MuzSTmhxx1uWrplsUP6aXaV6.jpg"
				},
				{
					"cast_id": 10,
					"character": "Miss Vendegast",
					"credit_id": "58bd0fa6c3a36866860426e4",
					"gender": 1,
					"id": 45195,
					"name": "Ingrid Caven",
					"order": 4,
					"profile_path": "/lTgtHMJoUVYd9zmak0WvhzeGHOE.jpg"
				}
			],
			"director": 78160,
			"like_users": [],
			"poster_path": "https://image.tmdb.org/t/p/w600_and_h900_bestv2//l7RweYloEealQuhaaldcxDU5VS8.jpg"
		}
	},
	{
		"model": "movies.movie",
		"pk": 218043,
		"fields": {
			"adult": false,
			"original_language": "en",
			"original_title": "Left Behind",
			"overview": "대학생 '클로이'(캐시 톰슨)는 공항에서 성경에 관해 설교하는 여자로부터 유명 기자 '벅'(채드 마이클 머레이)을 구해준다. '클로이'는 아빠 '레이'(니콜라스 케이지)의 깜짝 생일 파티를 위해 고향을 찾아왔지만, 비행기 조종사인 '레이'는 호출을 받고 급하게 비행을 떠난다.  '레이'는 '벅'을 포함한 수많은 승객들을 태운 비행기에 탑승하고, 오랜만에 집으로 간 '클로이'는 이번엔 독실한 기독교 신자인 엄마와 말다툼을 벌인다. 기분 전환을 위해 어린 동생 '레이미'와 함께 쇼핑몰을 찾은 '클로이'. 그런데 별안간 전세계적으로 수많은 사람들이 옷가지만 남긴 채 흔적도 없이 사라져 버리는 일이 벌어진다. '레이미'도, '클로이'의 엄마도, 비행기 안 수많은 승객들도 감쪽같이 사라진 상황. 설상가상으로 '레이'와 '벅'이 타고 있던 비행기는 추락 위기에 처하고 마는데...",
			"release_date": "2014-10-03",
			"revenue": 19682924,
			"runtime": 110,
			"tagline": "스릴러, 액션, SF",
			"title": "레프트 비하인드: 휴거의 시작",
			"genres": [
				53,
				28,
				878
			],
			"casts": [
				2963,
				62747,
				1063,
				212833,
				4030
			],
			"role_data": [
				{
					"cast_id": 1,
					"character": "Rayford Steele",
					"credit_id": "52fe4e43c3a368484e216ffd",
					"gender": 2,
					"id": 2963,
					"name": "Nicolas Cage",
					"order": 0,
					"profile_path": "/2RMV9JvFN8KZ4CrikO1BIJYYPwa.jpg"
				},
				{
					"cast_id": 9,
					"character": "Buck Williams",
					"credit_id": "53398ddf9251417da4004911",
					"gender": 2,
					"id": 62747,
					"name": "Chad Michael Murray",
					"order": 1,
					"profile_path": "/iyw2zgNMOw2tExxmp1e6pG5ULuF.jpg"
				},
				{
					"cast_id": 10,
					"character": "Irene Steele",
					"credit_id": "53398de89251417d9e00496a",
					"gender": 1,
					"id": 1063,
					"name": "Lea Thompson",
					"order": 2,
					"profile_path": "/gaZhgJdLmWkEdqkkfomnBQn16uo.jpg"
				},
				{
					"cast_id": 11,
					"character": "Hattie Durham",
					"credit_id": "53398df49251417daa004934",
					"gender": 1,
					"id": 212833,
					"name": "Nicky Whelan",
					"order": 3,
					"profile_path": "/5jx02LRC88mmIroF4Hz0yI9GTNS.jpg"
				},
				{
					"cast_id": 12,
					"character": "Melvin Weir",
					"credit_id": "53398e039251417da4004913",
					"gender": 2,
					"id": 4030,
					"name": "Martin Klebba",
					"order": 4,
					"profile_path": "/rbQ1dwjn9xTmJpPLXDXxC7m5lUp.jpg"
				}
			],
			"director": 15358,
			"like_users": [],
			"poster_path": "https://image.tmdb.org/t/p/w600_and_h900_bestv2//90FdDXqIXGjMIxPRXr3fzPrP1ht.jpg"
		}
	}
]